1650 2554
266 155 318 211 36
706 133 1072 194 INTRouuchN.

311 267 384 302 But
406 264 468 302 the
488 271 670 311 strongest
687 277 830 312 passage
847 266 890 300 of
906 266 952 300 all
973 265 1003 300 is
1025 268 1066 299 to
1087 263 1134 298 be
1157 262 1271 298 found
1288 262 1326 296 in
1341 261 1404 297 the
1420 262 1514 296 Ora-

264 326 342 360 tion
360 327 432 360 Pro
451 327 618 360 Caecina.
668 326 711 359 In
729 325 799 367 this
822 335 928 359 cause
951 334 1020 357 one
1044 321 1086 356 of
1103 321 1165 356 the
1187 321 1316 355 hostile
1331 320 1514 355 witnesses

266 395 337 418 was
356 384 420 418 the
443 393 530 429 very
550 383 789 418 Fidiculanius
812 381 966 425 Falcula,
984 380 1026 415 of
1043 380 1164 414 whom
1187 390 1243 414 we
1263 379 1353 414 have
1375 378 1513 423 spoken

264 442 388 486 above,
406 442 476 477 and
492 442 566 476 him
585 442 715 476 Cicero
732 440 912 475 describes
929 440 965 473 in
982 439 1045 473 the
1061 437 1243 481 following
1259 441 1371 472 terms
1382 447 1440 473 :—

310 501 487 536 ‘Decimo
509 512 595 535 vero
621 500 702 534 loco
725 499 827 534 testis
851 501 1073 542 expectatus,
1097 500 1134 530 et
1159 497 1204 531 ad
1225 501 1429 530 extremum
1454 505 1513 530 re-

263 564 433 603 servatus,
451 560 552 603 dixit,
570 562 717 593 senator
733 556 854 602 populi
874 555 1040 598 Romani,
1058 554 1227 599 splendor
1242 553 1386 598 ordinis,
1403 554 1514 588 decus

263 623 372 663 atque
397 621 651 652 ornamentum
676 615 901 657 iudiciorum,
923 612 1108 657 exemplar
1131 613 1298 656 antiquae
1322 611 1513 655 religionis,

265 676 504 711 Fidiculanius
523 674 688 709 Falcula:
709 673 771 718 qui
785 683 896 717 quum
914 671 963 705 ita
975 670 1168 705 vehemens
1180 680 1335 715 acerque
1347 670 1513 713 venisset,

260 738 303 768 ut
320 745 394 768 non
410 734 521 768 modo
539 732 734 767 Caecinam
756 730 913 775 periurio
936 740 1001 764 suo
1023 729 1194 771 laederet,
1210 727 1274 762 sed
1296 728 1404 762 etiam
1426 727 1514 762 mihi

260 792 445 827 videretur
462 791 583 835 irasci3
610 791 659 824 ita
676 800 759 824 eum
780 788 959 833 placidum
982 788 1200 831 mollemque
1217 785 1366 829 reddidi,
1382 789 1424 820 ut
1439 795 1514 820 non

261 850 424 893 auderet,
448 850 540 883 sicut
565 847 787 890 meministis,
813 847 944 880 iterum
973 846 1104 889 dicere,
1130 847 1221 889 quot
1249 844 1358 878 millia
1384 843 1514 878 fundus

260 918 344 942 suus
362 908 500 942 abesset
518 906 563 942 ab
579 907 682 941 urbe.
717 905 812 939 Nam
829 914 942 949 quum
959 903 1118 946 dixisset,
1131 902 1248 937 minus
1264 911 1348 945 L111,
1363 902 1515 947 populus

262 977 345 1001 cum
370 966 443 1000 risu
467 965 676 1000 acclamavit
702 964 810 1008 “ipsa
834 963 947 998 esse.”
997 963 1244 997 Meminerant
1267 961 1364 995 enim
1388 971 1514 995 omnes

261 1028 438 1069 quantum
463 1025 500 1058 in
517 1024 668 1058 Albiano
690 1022 825 1057 iudicio
850 1021 1058 1066 accepisset.
1108 1020 1150 1054 In
1173 1030 1256 1054 eum
1279 1019 1366 1064 quid
1385 1018 1514 1062 dicam,

260 1083 327 1117 nisi
344 1083 390 1126 id,
408 1083 506 1127 quod
525 1091 656 1125 negare
677 1092 751 1115 non
770 1080 906 1125 possit?
931 1079 1066 1113 venisse
1083 1078 1119 1112 in
1142 1077 1328 1112 consilium
1350 1077 1515 1121 publicae

261 1141 489 1186 quaestionis,
507 1150 619 1186 quum
636 1140 711 1174 eius
733 1139 869 1174 consilii
893 1138 1000 1172 iudex
1024 1148 1095 1171 non
1114 1140 1229 1171 esset:
1254 1140 1293 1170 et
1309 1136 1345 1170 in
1362 1146 1408 1170 eo
1424 1145 1513 1170 con-

261 1199 339 1234 silio
358 1210 472 1245 quum
496 1209 639 1234 causam
663 1209 736 1232 non
760 1197 927 1240 audisset,
945 1201 983 1231 et
1006 1199 1167 1240 potestas
1192 1198 1286 1228 esset
1310 1193 1514 1238 ampliandi,

262 1258 390 1292 dixisse
423 1257 488 1292 sibi
520 1257 679 1302 liquere:
720 1266 832 1300 quum
863 1254 1048 1298 incognita
1080 1263 1120 1288 re
1152 1252 1310 1287 iudicare
1343 1251 1514 1286 voluisset

262 1316 427 1350 maluisse
450 1315 706 1357 condemnare,
732 1323 841 1358 quam
865 1313 1070 1347 absolvere:
1098 1322 1221 1356 quum,
1246 1311 1276 1345 si
1299 1320 1373 1344 uno
1396 1310 1514 1344 minus

261 1374 485 1417 damnarent,
507 1372 741 1408 condemnari
766 1383 848 1406 reus
872 1382 945 1405 non
970 1374 1101 1415 posset,
1124 1380 1199 1403 non
1222 1368 1268 1403 ad
1292 1378 1513 1412 cognosceu-

261 1433 345 1466 dam
367 1441 522 1475 causam,
539 1431 602 1466 sed
626 1430 672 1465 ad
696 1429 910 1474 explendam
934 1427 1202 1462 damnationem
1225 1430 1369 1471 praesto
1392 1425 1513 1460 fuisse.

263 1489 399 1524 Utrum
416 1490 554 1533 gravius
570 1488 704 1533 aliquid
726 1488 762 1522 in
780 1487 986 1532 quempiam
1009 1486 1079 1520 dici
1102 1488 1234 1529 potest,
1251 1494 1360 1529 quam
1382 1483 1428 1518 ad
1445 1483 1514 1517 ho-

261 1549 397 1582 minem
422 1547 746 1589 condemnandum,
772 1556 882 1590 quem
907 1554 1103 1589 numquam
1127 1543 1282 1586 vidisset,
1306 1552 1426 1587 neque
1449 1551 1514 1576 au-

263 1603 383 1646 disset,
402 1603 598 1637 adductum
614 1602 732 1646 pretio
749 1611 826 1636 esse
837 1600 989 1636 ?'—-Pro
1006 1599 1173 1641 Caecina,
1191 1599 1252 1632 10.

308 1661 430 1695 Attius
446 1660 507 1694 did
524 1664 590 1695 not
604 1658 665 1694 fail
682 1663 724 1694 to
741 1658 826 1693 take
843 1658 1039 1700 advantage
1056 1656 1098 1691 of
1116 1654 1281 1700 opinions
1301 1665 1343 1689 so
1360 1653 1514 1699 forcibly

263 1718 466 1763 expressed,
484 1718 555 1752 and
569 1716 741 1762 appealed
752 1721 798 1751 -to
815 1715 869 1750 his
885 1715 1092 1758 antagonist
1109 1712 1254 1748 himself
1267 1723 1305 1747 as
1320 1723 1342 1747 a
1357 1711 1514 1756 weighty

263 1777 446 1822 authority
463 1775 599 1820 against
617 1775 815 1819 Cluentius,
834 1774 985 1818 quoting
1006 1772 1069 1806 the
1086 1782 1172 1816 very
1188 1770 1307 1805 words
1328 1769 1371 1804 of
1383 1780 1455 1804 one
1475 1768 1519 1804 of

264 1833 423 1868 Cicero’s
439 1833 608 1876 orations,
625 1832 798 1877 probably
814 1831 876 1866 the
898 1828 1099 1865 thirteenth
1116 1828 1277 1872 Chapter
1293 1826 1335 1861 of
1352 1826 1416 1861 the
1437 1826 1515 1861 first

262 1892 396 1927 Action
421 1891 556 1935 against
580 1890 712 1925 Verres
722 1885 746 1925 ¹.
796 1888 927 1924 Cicero
951 1898 1024 1922 was
1047 1885 1132 1921 thus
1154 1885 1280 1920 driven
1303 1888 1346 1919 to
1372 1883 1515 1928 explain

263 1960 374 1995 away,
391 1959 429 1984 as
453 1949 533 1984 best
558 1949 603 1983 he
628 1948 752 1992 might,
771 1947 828 1981 his
851 1957 934 1981 own
957 1946 1191 1986 statements3
1219 1942 1287 1976 but
1309 1942 1338 1977 it
1361 1952 1444 1986 may
1467 1940 1516 1975 be

264 2008 426 2042 doubted
443 2006 606 2042 whether
622 2005 675 2040 his
692 2003 842 2050 apology
859 2013 931 2039 was
952 2002 1070 2037 either
1079 1998 1262 2046 judicious
1283 2010 1327 2034 or
1341 1998 1514 2034 convinc-

263 2067 335 2110 ing.
387 2067 453 2100 See
470 2068 560 2099 note
575 2075 624 2099 on
642 2063 804 2108 Chapter
819 2064 886 2098 50.

297 2141 309 2160 ²
331 2142 360 2172 It
375 2150 469 2172 seems
486 2140 628 2180 probable
643 2139 710 2170 that
727 2138 784 2170 this
799 2148 862 2169 was
877 2136 930 2168 the
944 2145 1069 2178 passage
1083 2135 1163 2165 from
1179 2134 1231 2164 the
1246 2132 1344 2164 words
1358 2132 1396 2163 of
1406 2131 1515 2163 Cicero

262 2187 291 2216 in
308 2185 439 2224 Chapter
455 2186 505 2216 50
517 2188 576 2214 z——‘
588 2183 741 2214 Recitavit
756 2192 795 2213 ex
811 2182 956 2217 oratione,
975 2180 1076 2210 nescio
1091 2189 1160 2219 qua,
1177 2177 1289 2213 Attius,
1304 2186 1396 2216 quam
1412 2185 1514 2206 meam

263 2240 325 2260 esse
348 2229 475 2264 dicebat,
499 2227 740 2259 cohortationem
763 2226 916 2264 quandam
939 2224 1070 2254 iudicum
1096 2223 1133 2253 ad
1161 2221 1286 2251 honeste
1309 2219 1513 2255 iudicandum,

263 2269 290 2302 eft
311 2271 618 2303 commemorationem
636 2277 701 2300 tum
723 2268 856 2299 aliorum
873 2268 1066 2304 iudiciorum,
1082 2275 1158 2308 quae
1175 2264 1306 2306 probata
1329 2273 1390 2294 non
1412 2267 1513 2299 essent,

261 2323 327 2347 tum
342 2316 423 2347 illius
438 2315 530 2356 ipsius
545 2314 650 2345 iudicii
664 2312 812 2344 Iuniani!
