1650 2554
150 217 190 254 ⁵5
211 213 390 254 1⁶5-171.
450 211 628 244 ORATIO
657 211 752 242 PRO
781 209 827 242 A.
859 209 1105 243 eLUENTm.
1315 214 1390 257 131

150 319 265 357 animi
290 318 474 364 dolorem,
502 317 696 367 pertenuis
725 315 892 366 suspicio
921 316 1108 366 potuisset
1135 327 1184 353 ex
1211 315 1275 353 illo
1303 315 1392 354 loco

149 390 286 423 testem
305 384 344 421 in
362 385 411 421 A.
432 383 651 422 Cluentium
671 382 911 428 constituere,
930 382 964 420 is
988 381 1092 419 hunc
1120 393 1192 419 suo
1220 382 1392 419 testimo-

149 450 255 487 nium
275 449 456 487 sublevat.
513 448 632 495 Quod
657 448 782 486 recita.
839 446 903 485 Tu
925 453 1066 493 autern,
1086 447 1160 484 nisi
1186 446 1393 484 molestum

149 521 217 559 est,
236 513 441 563 paullisper
460 524 633 562 exsurge,
654 511 779 562 perfer
797 512 899 550 hunc
919 511 1091 550 dolorem
1111 522 1392 550 commemora-

149 578 262 616 tionis
299 578 557 616 necessariae:
598 578 638 614 in
675 589 751 627 qua
791 588 866 626 ego
903 577 1044 614 diutius
1082 588 1163 614 non
1199 576 1391 622 morabor,
1408 591 1426 622 5

149 643 343 693 quoniam,
373 642 479 692 quod
509 642 578 679 fuit
605 642 672 679 viri
701 642 846 691 optimi,
875 641 1007 687 fecisti,
1036 647 1078 678 ut
1109 653 1160 679 ne
1193 641 1254 678 cui
1282 641 1395 678 inno-

149 708 250 746 centi
274 719 424 745 maeror
446 714 533 744 tuus
560 706 812 744 calamitatem
835 712 872 743 et
897 705 1035 744 falsum
1058 706 1204 743 crimen
1230 704 1392 743 afferret.

149 771 443 826 [Tsss‘rmomum
462 772 653 811 BALBu‘m
671 769 833 824 prmus]

203 842 266 876 61.
311 840 396 887 169.
426 837 560 875 Unum
579 837 693 875 etiarn
711 836 803 874 mihi
821 836 1011 886 reliquum
1030 836 1220 875 eiusmodi
1245 836 1391 874 crimen

150 910 218 949 est,
239 903 393 948 iudices,
417 915 464 940 ex
490 914 568 951 quo
596 901 687 939 illud
715 901 931 950 perspicere
958 901 1126 950 possitis,
1150 901 1256 951 quod
1281 913 1304 939 a
1329 913 1392 939 me
1411 917 1451 938 10

150 968 256 1005 initio
284 968 465 1005 orationis
491 979 599 1004 meae
625 967 767 1004 dictum
793 973 871 1004 est:
901 966 1086 1015 quidquid
1111 967 1201 1004 mali
1228 978 1297 1016 per
1322 966 1394 1004 hos

151 1045 275 1071 annos
294 1033 340 1070 A.
363 1032 560 1070 Cluentius
580 1031 721 1077 viderit,
743 1031 929 1081 quidquid
954 1031 1029 1070 hoc
1055 1038 1228 1082 ternpore
1254 1032 1394 1071 habeat

153 1098 411 1136 sollicitudinis
431 1109 475 1135 ac
495 1097 651 1146 negotii,
671 1096 710 1133 id
733 1107 849 1133 omne
869 1108 892 1133 a
917 1102 1035 1134 matre
1061 1108 1146 1134 esse
1171 1097 1394 1135 conflatum.

152 1161 411 1212 Oppianicum
434 1173 583 1199 veneno
606 1166 785 1198 necatum
811 1172 907 1206 esse,
934 1160 1039 1210 quod
1062 1161 1097 1198 ei
1123 1161 1255 1199 datum
1281 1161 1330 1199 sit
1354 1163 1395 1200 in

152 1239 252 1276 pane
272 1239 339 1276 per
361 1226 414 1263 M.
432 1226 617 1264 Asellium
637 1225 840 1275 quendam,
861 1225 1086 1262 familiarem
1106 1226 1246 1274 ipsius:
1276 1226 1392 1276 idque
1410 1242 1448 1273 15

154 1291 286 1329 Habiti
306 1291 464 1329 consilio
484 1291 628 1328 factum
649 1302 746 1335 esse,
767 1290 899 1327 dicitis.
951 1289 998 1326 In
1018 1302 1095 1339 quo
1116 1290 1282 1339 primurn
1301 1291 1394 1328 illud

153 1367 307 1404 quaero,
336 1367 434 1405 quae
464 1367 581 1393 causa
610 1354 757 1392 Habito
788 1353 907 1400 fuerit,
938 1366 1004 1391 cur
1032 1354 1242 1393 interficere
1271 1354 1396 1405 Oppi-

153 1421 304 1458 anicum
332 1421 453 1458 vellet.
508 1420 730 1458 Inimicitias
762 1419 865 1457 enim
894 1419 992 1456 inter
1023 1420 1127 1468 ipsos
1158 1419 1273 1458 fuisse
1302 1432 1396 1458 con-

153 1486 283 1524 fiteor:
314 1486 381 1524 sed
403 1486 578 1523 homines
599 1486 775 1523 inimicos
796 1496 886 1522 suos
906 1491 1029 1522 morte
1049 1484 1147 1522 affici
1166 1485 1307 1531 volunt,
1329 1492 1394 1524 aut

152 1550 258 1599 quod
273 1557 455 1596 metuunt,
471 1557 534 1588 aut
549 1550 655 1599 quod
669 1549 841 1587 oderunt.
894 1558 979 1597 170.
1005 1548 1095 1595 Quo
1111 1549 1266 1587 tandem
1281 1551 1393 1599 igitur
1410 1567 1451 1589 20

153 1615 318 1654 Habitus
350 1622 453 1653 metu
486 1615 682 1661 adductus,
712 1621 859 1652 tantum
887 1615 927 1652 in
956 1626 996 1652 se
1025 1614 1172 1652 facinus
1201 1616 1393 1665 suscipere

151 1688 310 1719 conatus
343 1682 426 1719 est?
466 1680 558 1730 quid
595 1686 684 1726 erat,
719 1680 824 1729 quod
861 1680 936 1716 iarn
970 1678 1227 1729 Oppianicum
1264 1693 1394 1730 poena

151 1745 330 1783 affectum
373 1757 442 1794 pro
481 1745 687 1790 maleficiis,
725 1745 889 1782 eiectum
931 1756 952 1782 e
990 1744 1149 1787 civitate,
1188 1745 1393 1795 quisquam

149 1810 321 1847 timeret?
350 1810 441 1859 quid
461 1809 677 1847 metuebat?
707 1821 756 1846 ne
776 1814 1061 1858 oppugnaretur
1088 1821 1111 1846 a
1138 1810 1313 1859 perdito?
1342 1823 1393 1848 an

151 1885 199 1912 ne
225 1882 463 1912 accusaretur
487 1886 510 1911 a
535 1874 819 1912 condemnato?
849 1886 898 1912 an
925 1886 973 1911 ne
1002 1874 1143 1912 exsulis
1171 1875 1391 1914 testimonio
1408 1891 1446 1923 25

150 1938 381 1977 laederetur?
439 1938 506 1976 Sin
534 1945 673 1985 autem,
701 1939 805 1988 quod
833 1938 966 1976 oderat
991 1938 1157 1977 Habitus
1183 1941 1392 1987 inimicum,

151 2003 291 2041 idcirco
310 2003 414 2040 illum
433 2004 507 2041 vita
526 2003 596 2041 frui
616 2003 757 2041 noluit:
784 2003 933 2041 adeone
952 2009 1032 2041 erat
1051 2005 1196 2051 stultus,
1216 2012 1258 2043 ut
1276 2005 1392 2051 illam,

153 2078 267 2117 quam
294 2074 374 2105 tum
402 2068 461 2106 ille
490 2068 648 2114 vivebat,
675 2068 789 2106 vitam
818 2080 902 2106 esse
931 2069 1181 2116 arbitraretur,
1210 2070 1391 2116 damnati,

153 2131 304 2178 exsulis,
323 2132 460 2170 deserti
484 2133 533 2170 ab
551 2133 755 2170 omnibus?
784 2144 899 2182 quern
924 2139 1080 2183 propter
1105 2134 1223 2172 animi
1250 2135 1394 2184 impor-

154 2196 360 2243 tunitatem,
379 2209 493 2235 nemo
513 2197 680 2246 recipere
700 2203 812 2244 tecto,
833 2208 950 2235 nemo
969 2198 1083 2244 adire,
1104 2211 1220 2236 nemo
1239 2199 1391 2248 alloqui,
1408 2214 1449 2245 30

154 2270 270 2298 nemo
300 2262 484 2310 respicere
517 2261 652 2300 vellet?
691 2261 818 2299 Huius
846 2262 957 2311 igitur
986 2264 1085 2301 vitae
1109 2263 1276 2301 Habitus
1301 2264 1394 2301 invi·

155 2323 294 2363 debat?
349 2334 434 2375 ¹71·
455 2325 572 2365 Hunc
591 2327 624 2366 si
642 2327 777 2366 acerbe
797 2335 834 2365 et
853 2328 1004 2378 penitus
1023 2328 1178 2367 oderat:
1207 2341 1286 2367 non
1305 2340 1397 2367 eum

771 2404 796 2430 x
819 2405 843 2430 2
