1650 2554
261 135 317 178 80
612 145 661 179 M.
695 146 853 178 TULLII
883 147 1136 178 CICERONIS
1179 152 1181 154 ’
1308 150 1516 186 ou.19,2o.

315 253 378 288 19.
414 249 562 300 Collegi
581 263 644 289 me
664 251 884 302 aliquando,
905 259 943 291 et
962 253 1014 291 ita
1033 252 1235 291 constitui:
1265 252 1412 292 fortiter
1431 266 1516 293 esse

261 315 454 365 agendum
470 328 480 362 ;
522 316 572 353 illi
605 317 728 363 aetati,
760 329 837 367 qua
869 324 951 355 tum
983 330 1099 364 eram,
1135 318 1254 355 solere
1285 318 1388 355 laudi
1424 319 1517 365 dari,

260 381 376 419 etiam
406 381 437 418 si
464 381 503 418 in
532 382 660 420 minus
689 382 808 421 firmis
837 383 962 421 causis
995 383 1197 421 hominum
1231 383 1407 432 periculis
1437 396 1518 422 non

261 446 480 484 defuissem.
538 447 673 497 Itaque
705 448 798 486 feci:
840 450 894 486 sic
924 449 1104 499 pugnavi,
1140 449 1194 487 sic
1228 449 1336 486 omni
1369 450 1517 487 ratione

223 527 241 559 5
259 511 452 568 contendi,
488 512 540 550 sic
574 513 624 550 ad
656 514 788 551 omnia
828 514 996 563 confugi,
1030 520 1218 564 quantum
1255 526 1330 564 ego
1365 515 1519 564 assequi

259 577 378 627 potui,
423 577 593 616 remedia
636 590 681 615 ac
720 579 893 627 perfugia
938 591 1152 625 causarum,
1197 585 1238 616 ut
1280 579 1356 618 hoe
1395 579 1518 630 (quod

258 642 390 680 timide
440 641 582 690 dicam)
632 650 864 682 consecutus
912 645 996 691 sim,
1044 657 1094 682 ne
1141 644 1226 694 quis
1273 644 1325 682 illi
1378 656 1518 683 causae

259 716 466 758 patronum
504 708 671 746 defuisse
709 709 961 749 arbitraretur.
1030 719 1093 757 52.
1125 709 1213 756 Sed,
1251 715 1293 747 ut
1330 709 1518 760 quidquid

259 786 333 823 ego
382 773 725 823 apprehenderam,
774 774 900 811 statim
948 781 1150 812 accusator
1195 775 1448 824 extorquebat
1494 786 1518 812 e

206 855 245 877 ιο
259 839 448 877 manibus.
505 838 546 877 Si
589 839 840 888 quaesieram,
880 851 979 889 quae
1022 839 1240 877 inimicitiae
1278 838 1518 877 Scamandro

261 916 349 942 cum
379 903 548 941 Habito:
584 903 782 950 fatebatur,
812 904 935 941 nullas
964 903 1104 941 fuisse:
1145 904 1213 942 sed
1242 903 1517 953 Oppianicum,

260 969 367 1006 cuius
413 969 472 1007 ille
520 969 692 1006 minister
729 968 871 1014 fuisset,
913 969 1002 1006 huic
1048 968 1356 1006 inimicissimum
1400 968 1518 1006 fuisse

260 1042 375 1084 atque
413 1046 498 1072 esse
536 1034 698 1072 dicebat.
758 1033 826 1072 Sin
863 1040 991 1071 autem
1030 1033 1122 1071 illud
1165 1046 1332 1083 egeram,
1370 1034 1518 1071 nullum

260 1099 310 1137 ad
345 1099 624 1137 Scamandrum
656 1106 780 1137 morte
811 1099 946 1137 Habiti
975 1104 1177 1136 venturum
1213 1098 1518 1136 emolumentum

208 1182 243 1214 15
261 1164 401 1203 fuisse:
436 1165 698 1203 concedebat:
733 1165 803 1203 sed
830 1164 881 1202 ad
909 1176 1071 1202 uxorem
1102 1163 1322 1213 Oppianici,
1350 1164 1517 1202 hominis

259 1233 298 1269 in
343 1231 528 1268 uxoribus
574 1230 758 1268 necandis
806 1230 1011 1275 exercitati,
1060 1230 1192 1267 omnia
1233 1230 1338 1267 bona
1386 1229 1518 1267 Habiti

259 1303 418 1335 ventura
464 1296 580 1334 fuisse
627 1295 789 1334 dicebat.
866 1294 999 1342 Quum
1045 1294 1106 1332 illa
1154 1294 1380 1332 defensione
1425 1306 1518 1333 usus

260 1373 399 1407 essem,
431 1373 529 1411 quae
557 1361 596 1398 in
625 1361 887 1399 libertinorum
916 1360 1040 1398 causis
1069 1360 1340 1397 honestissima
1367 1371 1518 1409 semper

261 1427 476 1466 existimata
517 1432 584 1472 est,
632 1425 912 1464 Scamandrum
956 1430 1120 1475 patrono
1160 1436 1245 1462 esse
1288 1425 1518 1474 probatum:

207 1510 245 1532 20
261 1493 472 1538 fatebatur;
521 1490 590 1529 sed
628 1491 847 1540 quaerebat,
887 1491 948 1529 cui
979 1490 1163 1540 probatus
1197 1496 1299 1527 esset
1334 1490 1416 1539 ipse
1449 1501 1517 1539 pa-

261 1565 407 1596 tronus.
484 1564 546 1604 53.
590 1554 724 1602 Quum
762 1567 838 1604 ego
874 1555 1045 1604 pluribus
1084 1554 1208 1591 verbis
1245 1554 1286 1591 in
1324 1565 1372 1592 eo
1409 1565 1518 1592 com-

261 1629 432 1660 moratus
479 1633 617 1666 essem,
667 1620 905 1658 Scamandro
952 1619 1071 1657 factas
1117 1619 1274 1656 insidias
1319 1627 1518 1669 esse·per

262 1687 492 1736 Diogenem,
528 1685 854 1735 constitutumque
888 1685 985 1722 inter
1018 1696 1086 1722 eos
1122 1684 1170 1721 de
1205 1684 1278 1721 alia
1310 1696 1352 1721 re
1389 1683 1518 1730 fuisse,

260 1759 302 1791 ut
347 1752 684 1795 medicamentum,
732 1762 814 1788 non
860 1761 1053 1787 venenum
1099 1749 1299 1797 Diogenes
1344 1749 1517 1787 afferret:

209 1835 245 1867 ²5
261 1818 338 1856 hoc
371 1817 488 1855 cuivis
520 1829 593 1854 usu
627 1816 756 1853 venire
793 1827 936 1864 posse:
979 1815 1198 1863 quaerebat,
1238 1825 1306 1851 cur
1341 1814 1518 1853 in‘eius-

261 1883 368 1922 modi
395 1882 536 1926 locum,
566 1888 645 1919 tam
673 1881 856 1926 abditum,
881 1892 949 1918 cur
975 1879 1090 1925 solus,
1122 1891 1188 1917 eur
1208 1891 1296 1916 cum
1316 1879 1519 1929 obsignata

261 1948 426 1999 pecunia
462 1947 638 1985 venisset.
714 1946 894 1995 Denique
931 1945 1006 1983 hoc
1046 1945 1135 1983 loco
1182 1956 1300 1982 causa
1348 1945 1518 1991 testibus,

259 2012 539 2053 honestissimis
575 2011 808 2056 hominibus,
847 2011 1102 2060 premebatur.
1169 2009 1224 2047 M.
1264 2008 1431 2048 Baebius
1470 2011 1519 2049 de

261 2091 332 2118 suo
361 2078 521 2116 consilio
550 2076 772 2126 Diogenem
801 2082 998 2125 emptum:
1029 2086 1069 2112 se
1098 2080 1301 2124 praesente
1333 2073 1517 2112 Scaman-

209 2162 251 2192 30
267 2145 378 2183 drum
398 2155 487 2181 cum
502 2153 655 2180 veneno
686 2141 927 2190 pecuniaque
948 2138 1233 2189 deprehensum
1260 2150 1345 2176 esse
1366 2139 1517 2178 dicebat

262 2211 304 2248 P.
336 2207 543 2255 Quintilius
573 2206 711 2252 Varus,
745 2204 864 2243 homo
896 2215 1047 2242 summa
1079 2203 1263 2252 religione
1295 2209 1333 2241 et
1366 2215 1518 2243 summa

261 2274 484 2314 auctoritate
507 2271 711 2323 praeditus,
739 2270 787 2308 de
811 2269 968 2317 insidiis,
997 2281 1096 2320 quae
1123 2268 1257 2306 fierent
1287 2267 1447 2316 Habito,
1477 2277 1516 2309 et
