<?xml version="1.0" encoding="UTF-8"?>
<!DOCTYPE html PUBLIC "-//W3C//DTD XHTML 1.0 Transitional//EN"
    "http://www.w3.org/TR/xhtml1/DTD/xhtml1-transitional.dtd">
<html xmlns="http://www.w3.org/1999/xhtml" xml:lang="en" lang="en">
 <head>
  <title>
</title>
<meta http-equiv="Content-Type" content="text/html;charset=utf-8" />
  <meta name='ocr-system' content='tesseract 3.04.00' />
  <meta name='ocr-capabilities' content='ocr_page ocr_carea ocr_par ocr_line ocrx_word'/>
</head>
<body>
  <div class='ocr_page' id='page_1' title='image "./procluentiowithi00ciceuoft/procluentiowithi00ciceuoft_0112.png"; bbox 0 0 1650 2554; ppageno 0'>
   <div class='ocr_carea' id='block_1_1' title="bbox 268 153 1523 192">
    <p class='ocr_par' dir='ltr' id='par_1_1' title="bbox 268 153 1523 192">
     <span class='ocr_line' id='line_1_1' title="bbox 268 153 1523 192; baseline 0.006 -10"><span class='ocrx_word' id='word_1_1' title='bbox 268 155 347 183; x_wconf 91' lang='lat'>100</span> <span class='ocrx_word' id='word_1_2' title='bbox 637 153 688 185; x_wconf 87' lang='lat' dir='ltr'>M.</span> <span class='ocrx_word' id='word_1_3' title='bbox 714 153 875 184; x_wconf 89' lang='lat' dir='ltr'><em>TULLII</em></span> <span class='ocrx_word' id='word_1_4' title='bbox 903 154 1152 186; x_wconf 86' lang='lat' dir='ltr'><em>CICERONIS</em></span> <span class='ocrx_word' id='word_1_5' title='bbox 1302 166 1354 189; x_wconf 82' lang='lat' dir='ltr'>oe.</span> <span class='ocrx_word' id='word_1_6' title='bbox 1374 156 1523 192; x_wconf 75' lang='lat'>85—3&#39;1.</span> 
     </span>
    </p>
   </div>
   <div class='ocr_carea' id='block_1_2' title="bbox 213 257 1550 2333">
    <p class='ocr_par' dir='ltr' id='par_1_2' title="bbox 213 257 1550 2333">
     <span class='ocr_line' id='line_1_2' title="bbox 268 257 1523 308; baseline 0.006 -13"><span class='ocrx_word' id='word_1_7' title='bbox 268 269 329 295; x_wconf 92' lang='lat' dir='ltr'>res</span> <span class='ocrx_word' id='word_1_8' title='bbox 357 257 442 308; x_wconf 86' lang='lat' dir='ltr'>lege</span> <span class='ocrx_word' id='word_1_9' title='bbox 462 259 671 297; x_wconf 85' lang='lat' dir='ltr'>maiestatis</span> <span class='ocrx_word' id='word_1_10' title='bbox 690 260 1010 298; x_wconf 86' lang='lat' dir='ltr'>tenebatur.—At</span> <span class='ocrx_word' id='word_1_11' title='bbox 1028 261 1103 300; x_wconf 90' lang='lat' dir='ltr'>hoc</span> <span class='ocrx_word' id='word_1_12' title='bbox 1132 261 1254 300; x_wconf 91' lang='lat' dir='ltr'>obfuit</span> <span class='ocrx_word' id='word_1_13' title='bbox 1281 262 1316 300; x_wconf 89' lang='lat' dir='ltr'>ei</span> <span class='ocrx_word' id='word_1_14' title='bbox 1344 264 1523 302; x_wconf 84' lang='lat' dir='ltr'><strong>maxime.</strong></span> 
     </span>
     <span class='ocr_line' id='line_1_3' title="bbox 269 321 1524 374; baseline 0.006 -15"><span class='ocrx_word' id='word_1_15' title='bbox 269 321 353 360; x_wconf 90' lang='lat' dir='ltr'>Iam</span> <span class='ocrx_word' id='word_1_16' title='bbox 390 323 462 360; x_wconf 91' lang='lat' dir='ltr'>ista</span> <span class='ocrx_word' id='word_1_17' title='bbox 491 323 672 361; x_wconf 89' lang='lat' dir='ltr'>divinatio</span> <span class='ocrx_word' id='word_1_18' title='bbox 706 331 783 362; x_wconf 89' lang='lat' dir='ltr'>est:</span> <span class='ocrx_word' id='word_1_19' title='bbox 824 337 900 374; x_wconf 87' lang='lat' dir='ltr'>qua</span> <span class='ocrx_word' id='word_1_20' title='bbox 938 325 967 363; x_wconf 94' lang='lat' dir='ltr'>si</span> <span class='ocrx_word' id='word_1_21' title='bbox 1005 326 1059 363; x_wconf 92' lang='lat' dir='ltr'>uti</span> <span class='ocrx_word' id='word_1_22' title='bbox 1095 326 1193 373; x_wconf 88' lang='lat' dir='ltr'>licet,</span> <span class='ocrx_word' id='word_1_23' title='bbox 1223 327 1321 374; x_wconf 89' lang='lat' dir='ltr'>vide,</span> <span class='ocrx_word' id='word_1_24' title='bbox 1349 339 1398 366; x_wconf 90' lang='lat' dir='ltr'>ne</span> <span class='ocrx_word' id='word_1_25' title='bbox 1435 340 1524 368; x_wconf 87' lang='lat' dir='ltr'>mea</span> 
     </span>
     <span class='ocr_line' id='line_1_4' title="bbox 270 388 1521 440; baseline 0.006 -15"><span class='ocrx_word' id='word_1_26' title='bbox 270 388 491 426; x_wconf 91' lang='lat' dir='ltr'>coniectura</span> <span class='ocrx_word' id='word_1_27' title='bbox 528 389 648 427; x_wconf 89' lang='lat' dir='ltr'>multo</span> <span class='ocrx_word' id='word_1_28' title='bbox 687 389 734 427; x_wconf 91' lang='lat' dir='ltr'>sit</span> <span class='ocrx_word' id='word_1_29' title='bbox 772 390 905 427; x_wconf 89' lang='lat' dir='ltr'>verior.</span> <span class='ocrx_word' id='word_1_30' title='bbox 981 389 1068 440; x_wconf 85' lang='lat' dir='ltr'>Ego</span> <span class='ocrx_word' id='word_1_31' title='bbox 1106 392 1210 429; x_wconf 89' lang='lat' dir='ltr'>enim</span> <span class='ocrx_word' id='word_1_32' title='bbox 1247 392 1303 431; x_wconf 85' lang='lat' dir='ltr'>sic</span> <span class='ocrx_word' id='word_1_33' title='bbox 1350 393 1521 440; x_wconf 88' lang='lat' dir='ltr'>arbitror,</span> 
     </span>
     <span class='ocr_line' id='line_1_5' title="bbox 271 451 1522 506; baseline 0.006 -17"><span class='ocrx_word' id='word_1_34' title='bbox 271 451 452 496; x_wconf 89' lang='lat' dir='ltr'>Bulbum,</span> <span class='ocrx_word' id='word_1_35' title='bbox 485 454 591 502; x_wconf 92' lang='lat' dir='ltr'>quod</span> <span class='ocrx_word' id='word_1_36' title='bbox 624 454 744 492; x_wconf 86' lang='lat' dir='ltr'>homo</span> <span class='ocrx_word' id='word_1_37' title='bbox 775 467 955 504; x_wconf 88' lang='lat' dir='ltr'>nequam,</span> <span class='ocrx_word' id='word_1_38' title='bbox 989 456 1120 506; x_wconf 90' lang='lat' dir='ltr'>turpis,</span> <span class='ocrx_word' id='word_1_39' title='bbox 1152 456 1362 506; x_wconf 89' lang='lat' dir='ltr'>improbus,</span> <span class='ocrx_word' id='word_1_40' title='bbox 1393 458 1522 497; x_wconf 89' lang='lat' dir='ltr'>multis</span> 
     </span>
     <span class='ocr_line' id='line_1_6' title="bbox 231 517 1519 569; baseline 0.006 -15"><span class='ocrx_word' id='word_1_41' title='bbox 231 517 418 567; x_wconf 85' lang='lat' dir='ltr'>5flagitiis</span> <span class='ocrx_word' id='word_1_42' title='bbox 448 519 729 557; x_wconf 87' lang='lat' dir='ltr'>contaminatus</span> <span class='ocrx_word' id='word_1_43' title='bbox 766 520 807 557; x_wconf 87' lang='lat' dir='ltr'>in</span> <span class='ocrx_word' id='word_1_44' title='bbox 845 520 1026 559; x_wconf 86' lang='lat' dir='ltr'>iudicium</span> <span class='ocrx_word' id='word_1_45' title='bbox 1064 521 1110 559; x_wconf 90' lang='lat' dir='ltr'>sit</span> <span class='ocrx_word' id='word_1_46' title='bbox 1147 522 1348 569; x_wconf 83' lang='lat' dir='ltr'>adductus,</span> <span class='ocrx_word' id='word_1_47' title='bbox 1376 523 1519 562; x_wconf 89' lang='lat' dir='ltr'>idcirco</span> 
     </span>
     <span class='ocr_line' id='line_1_7' title="bbox 268 582 1522 634; baseline 0.005 -14"><span class='ocrx_word' id='word_1_48' title='bbox 268 582 415 621; x_wconf 83' lang='lat' dir='ltr'>facilius</span> <span class='ocrx_word' id='word_1_49' title='bbox 443 596 527 622; x_wconf 88' lang='lat' dir='ltr'>esse</span> <span class='ocrx_word' id='word_1_50' title='bbox 557 585 792 622; x_wconf 88' lang='lat' dir='ltr'>damnatum.</span> <span class='ocrx_word' id='word_1_51' title='bbox 851 584 914 622; x_wconf 92' lang='lat' dir='ltr'>Tu</span> <span class='ocrx_word' id='word_1_52' title='bbox 942 585 1035 623; x_wconf 90' lang='lat' dir='ltr'>mihi</span> <span class='ocrx_word' id='word_1_53' title='bbox 1065 598 1113 623; x_wconf 85' lang='lat' dir='ltr'>ex</span> <span class='ocrx_word' id='word_1_54' title='bbox 1143 593 1223 624; x_wconf 89' lang='lat' dir='ltr'>tota</span> <span class='ocrx_word' id='word_1_55' title='bbox 1251 599 1369 625; x_wconf 89' lang='lat' dir='ltr'>causa</span> <span class='ocrx_word' id='word_1_56' title='bbox 1397 587 1522 634; x_wconf 91' lang='lat' dir='ltr'>Bulbi,</span> 
     </span>
     <span class='ocr_line' id='line_1_8' title="bbox 270 649 1522 700; baseline 0.006 -15"><span class='ocrx_word' id='word_1_57' title='bbox 270 649 377 698; x_wconf 91' lang='lat' dir='ltr'>quod</span> <span class='ocrx_word' id='word_1_58' title='bbox 413 649 480 686; x_wconf 90' lang='lat' dir='ltr'>tibi</span> <span class='ocrx_word' id='word_1_59' title='bbox 527 649 778 687; x_wconf 87' lang='lat' dir='ltr'>commodum</span> <span class='ocrx_word' id='word_1_60' title='bbox 815 657 873 688; x_wconf 89' lang='lat' dir='ltr'>est</span> <span class='ocrx_word' id='word_1_61' title='bbox 920 651 1039 700; x_wconf 87' lang='lat' dir='ltr'>eligis,</span> <span class='ocrx_word' id='word_1_62' title='bbox 1077 657 1120 689; x_wconf 91' lang='lat' dir='ltr'>ut</span> <span class='ocrx_word' id='word_1_63' title='bbox 1164 651 1204 690; x_wconf 91' lang='lat' dir='ltr'>id</span> <span class='ocrx_word' id='word_1_64' title='bbox 1239 664 1323 690; x_wconf 90' lang='lat' dir='ltr'>esse</span> <span class='ocrx_word' id='word_1_65' title='bbox 1370 662 1522 693; x_wconf 88' lang='lat' dir='ltr'>secutos</span> 
     </span>
     <span class='ocr_line' id='line_1_9' title="bbox 269 714 550 753; baseline 0.007 -2"><span class='ocrx_word' id='word_1_66' title='bbox 269 714 415 753; x_wconf 87' lang='lat' dir='ltr'>iudices</span> <span class='ocrx_word' id='word_1_67' title='bbox 435 715 550 753; x_wconf 86' lang='lat' dir='ltr'>dicas.</span> 
     </span>
     <span class='ocr_line' id='line_1_10' title="bbox 324 780 1522 834; baseline 0.003 -15"><span class='ocrx_word' id='word_1_68' title='bbox 324 784 394 819; x_wconf 85' lang='lat'>36.</span> <span class='ocrx_word' id='word_1_69' title='bbox 424 781 485 828; x_wconf 87' lang='grc'>98.</span> <span class='ocrx_word' id='word_1_70' title='bbox 518 780 765 831; x_wconf 86' lang='lat' dir='ltr'>Quapropter</span> <span class='ocrx_word' id='word_1_71' title='bbox 811 781 887 819; x_wconf 90' lang='lat' dir='ltr'>hoe</span> <span class='ocrx_word' id='word_1_72' title='bbox 933 781 1047 820; x_wconf 92' lang='lat' dir='ltr'>Bulbi</span> <span class='ocrx_word' id='word_1_73' title='bbox 1092 782 1275 821; x_wconf 88' lang='lat' dir='ltr'>iudicium</span> <span class='ocrx_word' id='word_1_74' title='bbox 1312 796 1391 822; x_wconf 90' lang='lat' dir='ltr'>non</span> <span class='ocrx_word' id='word_1_75' title='bbox 1437 785 1522 834; x_wconf 89' lang='lat' dir='ltr'>plus</span> 
     </span>
     <span class='ocr_line' id='line_1_11' title="bbox 217 845 1523 896; baseline 0.004 -13"><span class='ocrx_word' id='word_1_76' title='bbox 217 861 255 883; x_wconf 91' lang='lat'>10</span> <span class='ocrx_word' id='word_1_77' title='bbox 270 846 408 883; x_wconf 89' lang='lat' dir='ltr'>obesse</span> <span class='ocrx_word' id='word_1_78' title='bbox 438 845 526 883; x_wconf 90' lang='lat' dir='ltr'>huic</span> <span class='ocrx_word' id='word_1_79' title='bbox 556 858 693 884; x_wconf 86' lang='lat' dir='ltr'>causae</span> <span class='ocrx_word' id='word_1_80' title='bbox 715 846 841 892; x_wconf 90' lang='lat' dir='ltr'>debet,</span> <span class='ocrx_word' id='word_1_81' title='bbox 861 858 978 895; x_wconf 91' lang='lat' dir='ltr'>quam</span> <span class='ocrx_word' id='word_1_82' title='bbox 998 847 1071 892; x_wconf 87' lang='lat' dir='ltr'>illa,</span> <span class='ocrx_word' id='word_1_83' title='bbox 1092 859 1191 896; x_wconf 88' lang='lat' dir='ltr'>quae</span> <span class='ocrx_word' id='word_1_84' title='bbox 1220 857 1523 887; x_wconf 88' lang='lat' dir='ltr'>commemorata</span> 
     </span>
     <span class='ocr_line' id='line_1_12' title="bbox 270 911 1521 962; baseline 0.004 -14"><span class='ocrx_word' id='word_1_85' title='bbox 270 917 357 948; x_wconf 87' lang='lat' dir='ltr'>sunt</span> <span class='ocrx_word' id='word_1_86' title='bbox 380 912 429 948; x_wconf 90' lang='lat' dir='ltr'>ab</span> <span class='ocrx_word' id='word_1_87' title='bbox 449 918 680 957; x_wconf 82' lang='lat' dir='ltr'>accusatore,</span> <span class='ocrx_word' id='word_1_88' title='bbox 703 912 781 949; x_wconf 91' lang='lat' dir='ltr'>duo</span> <span class='ocrx_word' id='word_1_89' title='bbox 809 912 961 958; x_wconf 91' lang='lat' dir='ltr'>iudicia,</span> <span class='ocrx_word' id='word_1_90' title='bbox 982 912 1024 949; x_wconf 89' lang='lat' dir='ltr'>P.</span> <span class='ocrx_word' id='word_1_91' title='bbox 1045 911 1205 962; x_wconf 85' lang='lat' dir='ltr'>Popillii,</span> <span class='ocrx_word' id='word_1_92' title='bbox 1225 920 1263 951; x_wconf 93' lang='lat' dir='ltr'>et</span> <span class='ocrx_word' id='word_1_93' title='bbox 1283 913 1343 951; x_wconf 92' lang='lat' dir='ltr'>Ti.</span> <span class='ocrx_word' id='word_1_94' title='bbox 1367 913 1521 962; x_wconf 89' lang='lat' dir='ltr'>Guttae,</span> 
     </span>
     <span class='ocr_line' id='line_1_13' title="bbox 269 976 1522 1027; baseline 0.004 -14"><span class='ocrx_word' id='word_1_95' title='bbox 269 976 334 1025; x_wconf 92' lang='lat' dir='ltr'>qui</span> <span class='ocrx_word' id='word_1_96' title='bbox 363 988 519 1014; x_wconf 88' lang='lat' dir='ltr'>causam</span> <span class='ocrx_word' id='word_1_97' title='bbox 539 976 586 1014; x_wconf 87' lang='lat' dir='ltr'>de</span> <span class='ocrx_word' id='word_1_98' title='bbox 616 977 763 1014; x_wconf 87' lang='lat' dir='ltr'>ambitu</span> <span class='ocrx_word' id='word_1_99' title='bbox 784 976 979 1014; x_wconf 85' lang='lat' dir='ltr'>dixerunt:</span> <span class='ocrx_word' id='word_1_100' title='bbox 1010 978 1075 1027; x_wconf 90' lang='lat' dir='ltr'>qui</span> <span class='ocrx_word' id='word_1_101' title='bbox 1101 978 1268 1016; x_wconf 88' lang='lat' dir='ltr'>accusati</span> <span class='ocrx_word' id='word_1_102' title='bbox 1289 985 1378 1017; x_wconf 91' lang='lat' dir='ltr'>sunt</span> <span class='ocrx_word' id='word_1_103' title='bbox 1395 980 1445 1017; x_wconf 89' lang='lat' dir='ltr'>ab</span> <span class='ocrx_word' id='word_1_104' title='bbox 1465 980 1522 1026; x_wconf 88' lang='lat' dir='ltr'>iis,</span> 
     </span>
     <span class='ocr_line' id='line_1_14' title="bbox 269 1042 1521 1093; baseline 0.003 -14"><span class='ocrx_word' id='word_1_105' title='bbox 269 1042 335 1090; x_wconf 92' lang='lat' dir='ltr'>qui</span> <span class='ocrx_word' id='word_1_106' title='bbox 354 1049 462 1079; x_wconf 83' lang='lat' dir='ltr'>erant</span> <span class='ocrx_word' id='word_1_107' title='bbox 483 1042 555 1091; x_wconf 89' lang='lat' dir='ltr'>ipsi</span> <span class='ocrx_word' id='word_1_108' title='bbox 576 1042 740 1080; x_wconf 89' lang='lat' dir='ltr'>ambitus</span> <span class='ocrx_word' id='word_1_109' title='bbox 760 1042 1028 1080; x_wconf 88' lang='lat' dir='ltr'>condemnati:</span> <span class='ocrx_word' id='word_1_110' title='bbox 1059 1055 1157 1093; x_wconf 86' lang='lat' dir='ltr'>quos</span> <span class='ocrx_word' id='word_1_111' title='bbox 1183 1056 1258 1093; x_wconf 86' lang='lat' dir='ltr'>ego</span> <span class='ocrx_word' id='word_1_112' title='bbox 1279 1055 1359 1082; x_wconf 91' lang='lat' dir='ltr'>non</span> <span class='ocrx_word' id='word_1_113' title='bbox 1378 1045 1521 1084; x_wconf 88' lang='lat' dir='ltr'>idcirco</span> 
     </span>
     <span class='ocr_line' id='line_1_15' title="bbox 270 1107 1522 1158; baseline 0.002 -13"><span class='ocrx_word' id='word_1_114' title='bbox 270 1119 355 1146; x_wconf 89' lang='lat' dir='ltr'>esse</span> <span class='ocrx_word' id='word_1_115' title='bbox 376 1107 534 1145; x_wconf 81' lang='lat' dir='ltr'>arbitror</span> <span class='ocrx_word' id='word_1_116' title='bbox 553 1108 593 1144; x_wconf 90' lang='lat' dir='ltr'>in</span> <span class='ocrx_word' id='word_1_117' title='bbox 613 1107 804 1156; x_wconf 84' lang='lat' dir='ltr'>integrum</span> <span class='ocrx_word' id='word_1_118' title='bbox 823 1108 1028 1153; x_wconf 89' lang='lat' dir='ltr'>restitutos,</span> <span class='ocrx_word' id='word_1_119' title='bbox 1050 1108 1156 1158; x_wconf 91' lang='lat' dir='ltr'>quod</span> <span class='ocrx_word' id='word_1_120' title='bbox 1176 1108 1335 1158; x_wconf 91' lang='lat' dir='ltr'>planum</span> <span class='ocrx_word' id='word_1_121' title='bbox 1354 1109 1522 1157; x_wconf 88' lang='lat' dir='ltr'>fecerint,</span> 
     </span>
     <span class='ocr_line' id='line_1_16' title="bbox 216 1172 1523 1224; baseline 0.001 -13"><span class='ocrx_word' id='word_1_122' title='bbox 216 1189 251 1220; x_wconf 86' lang='lat'>15</span> <span class='ocrx_word' id='word_1_123' title='bbox 269 1173 354 1211; x_wconf 89' lang='lat' dir='ltr'>illos</span> <span class='ocrx_word' id='word_1_124' title='bbox 383 1174 434 1210; x_wconf 93' lang='lat' dir='ltr'>ob</span> <span class='ocrx_word' id='word_1_125' title='bbox 464 1185 544 1210; x_wconf 90' lang='lat' dir='ltr'>rem</span> <span class='ocrx_word' id='word_1_126' title='bbox 573 1172 820 1210; x_wconf 88' lang='lat' dir='ltr'>iudicandam</span> <span class='ocrx_word' id='word_1_127' title='bbox 849 1173 1053 1223; x_wconf 89' lang='lat' dir='ltr'>pecuniam</span> <span class='ocrx_word' id='word_1_128' title='bbox 1082 1176 1299 1223; x_wconf 87' lang='lat' dir='ltr'>accepisse:</span> <span class='ocrx_word' id='word_1_129' title='bbox 1329 1175 1398 1212; x_wconf 87' lang='lat' dir='ltr'>sed</span> <span class='ocrx_word' id='word_1_130' title='bbox 1417 1174 1523 1224; x_wconf 93' lang='lat' dir='ltr'>quod</span> 
     </span>
     <span class='ocr_line' id='line_1_17' title="bbox 267 1235 1550 1290; baseline 0.002 -14"><span class='ocrx_word' id='word_1_131' title='bbox 267 1238 457 1276; x_wconf 89' lang='lat' dir='ltr'>iudicibus</span> <span class='ocrx_word' id='word_1_132' title='bbox 482 1237 689 1287; x_wconf 86' lang='lat' dir='ltr'>probarint,</span> <span class='ocrx_word' id='word_1_133' title='bbox 718 1238 823 1287; x_wconf 92' lang='lat' dir='ltr'>quod</span> <span class='ocrx_word' id='word_1_134' title='bbox 851 1238 891 1275; x_wconf 87' lang='lat' dir='ltr'>in</span> <span class='ocrx_word' id='word_1_135' title='bbox 921 1238 1061 1276; x_wconf 87' lang='lat' dir='ltr'>eodem</span> <span class='ocrx_word' id='word_1_136' title='bbox 1091 1251 1243 1288; x_wconf 86' lang='lat' dir='ltr'>genere,</span> <span class='ocrx_word' id='word_1_137' title='bbox 1273 1239 1312 1276; x_wconf 92' lang='lat' dir='ltr'>in</span> <span class='ocrx_word' id='word_1_138' title='bbox 1342 1251 1419 1289; x_wconf 93' lang='lat' dir='ltr'>quo</span> <span class='ocrx_word' id='word_1_139' title='bbox 1450 1235 1522 1290; x_wconf 83' lang='lat' dir='ltr'>ipsi</span> <span class='ocrx_word' id='word_1_140' title='bbox 1547 1279 1550 1287; x_wconf 19' lang='grc' dir='ltr'>Χ</span> 
     </span>
     <span class='ocr_line' id='line_1_18' title="bbox 270 1302 1522 1356; baseline 0.002 -15"><span class='ocrx_word' id='word_1_141' title='bbox 270 1303 534 1348; x_wconf 86' lang='lat' dir='ltr'>offendissent,</span> <span class='ocrx_word' id='word_1_142' title='bbox 564 1302 659 1340; x_wconf 84' lang='lat' dir='ltr'>alios</span> <span class='ocrx_word' id='word_1_143' title='bbox 692 1302 1038 1352; x_wconf 86' lang='lat' dir='ltr'>reprehendissent,</span> <span class='ocrx_word' id='word_1_144' title='bbox 1071 1316 1110 1342; x_wconf 90' lang='lat' dir='ltr'>se</span> <span class='ocrx_word' id='word_1_145' title='bbox 1144 1303 1194 1342; x_wconf 91' lang='lat' dir='ltr'>ad</span> <span class='ocrx_word' id='word_1_146' title='bbox 1226 1305 1396 1354; x_wconf 89' lang='lat' dir='ltr'>praemia</span> <span class='ocrx_word' id='word_1_147' title='bbox 1428 1305 1522 1356; x_wconf 88' lang='lat' dir='ltr'>legis</span> 
     </span>
     <span class='ocr_line' id='line_1_19' title="bbox 269 1368 1520 1419; baseline 0.002 -13"><span class='ocrx_word' id='word_1_148' title='bbox 269 1369 396 1406; x_wconf 89' lang='lat' dir='ltr'>venire</span> <span class='ocrx_word' id='word_1_149' title='bbox 415 1374 605 1419; x_wconf 88' lang='lat' dir='ltr'>oportere.</span> <span class='ocrx_word' id='word_1_150' title='bbox 664 1368 910 1418; x_wconf 85' lang='lat' dir='ltr'>Quapropter</span> <span class='ocrx_word' id='word_1_151' title='bbox 928 1370 1123 1407; x_wconf 89' lang='lat' dir='ltr'>neminem</span> <span class='ocrx_word' id='word_1_152' title='bbox 1143 1369 1313 1408; x_wconf 89' lang='lat' dir='ltr'>dubitare</span> <span class='ocrx_word' id='word_1_153' title='bbox 1333 1371 1520 1416; x_wconf 84' lang='lat' dir='ltr'>existimo,</span> 
     </span>
     <span class='ocr_line' id='line_1_20' title="bbox 270 1433 1523 1484; baseline 0.002 -13"><span class='ocrx_word' id='word_1_154' title='bbox 270 1435 363 1483; x_wconf 89' lang='lat' dir='ltr'>quin</span> <span class='ocrx_word' id='word_1_155' title='bbox 394 1433 458 1471; x_wconf 90' lang='lat' dir='ltr'>illa</span> <span class='ocrx_word' id='word_1_156' title='bbox 487 1434 685 1473; x_wconf 88' lang='lat' dir='ltr'>damnatio</span> <span class='ocrx_word' id='word_1_157' title='bbox 715 1434 881 1472; x_wconf 87' lang='lat' dir='ltr'>ambitus</span> <span class='ocrx_word' id='word_1_158' title='bbox 910 1434 1013 1472; x_wconf 90' lang='lat' dir='ltr'>nulla</span> <span class='ocrx_word' id='word_1_159' title='bbox 1050 1447 1098 1472; x_wconf 87' lang='lat' dir='ltr'>ex</span> <span class='ocrx_word' id='word_1_160' title='bbox 1135 1442 1243 1484; x_wconf 90' lang='lat' dir='ltr'>parte</span> <span class='ocrx_word' id='word_1_161' title='bbox 1280 1447 1370 1473; x_wconf 90' lang='lat' dir='ltr'>cum</span> <span class='ocrx_word' id='word_1_162' title='bbox 1407 1447 1523 1474; x_wconf 88' lang='lat' dir='ltr'>causa</span> 
     </span>
     <span class='ocr_line' id='line_1_21' title="bbox 215 1498 1519 1550; baseline 0.002 -14"><span class='ocrx_word' id='word_1_163' title='bbox 215 1515 254 1536; x_wconf 91' lang='lat'>20</span> <span class='ocrx_word' id='word_1_164' title='bbox 270 1498 437 1537; x_wconf 90' lang='lat' dir='ltr'>Cluentii</span> <span class='ocrx_word' id='word_1_165' title='bbox 475 1505 679 1549; x_wconf 90' lang='lat' dir='ltr'>vestroque</span> <span class='ocrx_word' id='word_1_166' title='bbox 717 1499 857 1536; x_wconf 91' lang='lat' dir='ltr'>iudicio</span> <span class='ocrx_word' id='word_1_167' title='bbox 897 1500 1103 1538; x_wconf 88' lang='lat' dir='ltr'>coniuncta</span> <span class='ocrx_word' id='word_1_168' title='bbox 1139 1512 1224 1538; x_wconf 89' lang='lat' dir='ltr'>esse</span> <span class='ocrx_word' id='word_1_169' title='bbox 1262 1501 1394 1549; x_wconf 88' lang='lat' dir='ltr'>possit.</span> <span class='ocrx_word' id='word_1_170' title='bbox 1457 1514 1519 1550; x_wconf 90' lang='lat'>99.</span> 
     </span>
     <span class='ocr_line' id='line_1_22' title="bbox 268 1564 1521 1614; baseline 0.004 -13"><span class='ocrx_word' id='word_1_171' title='bbox 268 1564 388 1612; x_wconf 85' lang='lat' dir='ltr'>Quid,</span> <span class='ocrx_word' id='word_1_172' title='bbox 415 1564 522 1614; x_wconf 89' lang='lat' dir='ltr'>quod</span> <span class='ocrx_word' id='word_1_173' title='bbox 552 1564 730 1602; x_wconf 88' lang='lat' dir='ltr'>Staienus</span> <span class='ocrx_word' id='word_1_174' title='bbox 759 1572 817 1603; x_wconf 91' lang='lat' dir='ltr'>est</span> <span class='ocrx_word' id='word_1_175' title='bbox 845 1565 1153 1604; x_wconf 86' lang='lat' dir='ltr'>condemnatus?</span> <span class='ocrx_word' id='word_1_176' title='bbox 1209 1565 1303 1604; x_wconf 91' lang='lat' dir='ltr'>Non</span> <span class='ocrx_word' id='word_1_177' title='bbox 1331 1566 1419 1605; x_wconf 92' lang='lat' dir='ltr'>dico</span> <span class='ocrx_word' id='word_1_178' title='bbox 1447 1567 1521 1606; x_wconf 87' lang='lat' dir='ltr'>hoc</span> 
     </span>
     <span class='ocr_line' id='line_1_23' title="bbox 269 1630 1520 1680; baseline 0.002 -13"><span class='ocrx_word' id='word_1_179' title='bbox 269 1638 456 1679; x_wconf 88' lang='lat' dir='ltr'>tempore,</span> <span class='ocrx_word' id='word_1_180' title='bbox 485 1630 643 1676; x_wconf 89' lang='lat' dir='ltr'>iudices,</span> <span class='ocrx_word' id='word_1_181' title='bbox 666 1630 705 1667; x_wconf 88' lang='lat' dir='ltr'>id</span> <span class='ocrx_word' id='word_1_182' title='bbox 724 1630 829 1680; x_wconf 90' lang='lat' dir='ltr'>quod</span> <span class='ocrx_word' id='word_1_183' title='bbox 859 1631 990 1669; x_wconf 88' lang='lat' dir='ltr'>neseio</span> <span class='ocrx_word' id='word_1_184' title='bbox 1019 1643 1068 1669; x_wconf 91' lang='lat' dir='ltr'>an</span> <span class='ocrx_word' id='word_1_185' title='bbox 1098 1631 1172 1669; x_wconf 89' lang='lat' dir='ltr'>dici</span> <span class='ocrx_word' id='word_1_186' title='bbox 1201 1637 1388 1680; x_wconf 87' lang='lat' dir='ltr'>oporteat,</span> <span class='ocrx_word' id='word_1_187' title='bbox 1414 1631 1520 1670; x_wconf 87' lang='lat' dir='ltr'>illurn</span> 
     </span>
     <span class='ocr_line' id='line_1_24' title="bbox 268 1695 1520 1734; baseline 0.001 -1"><span class='ocrx_word' id='word_1_188' title='bbox 268 1696 477 1734; x_wconf 89' lang='lat' dir='ltr'>maiestatis</span> <span class='ocrx_word' id='word_1_189' title='bbox 507 1707 592 1733; x_wconf 91' lang='lat' dir='ltr'>esse</span> <span class='ocrx_word' id='word_1_190' title='bbox 621 1695 862 1733; x_wconf 82' lang='lat' dir='ltr'>damnatum:</span> <span class='ocrx_word' id='word_1_191' title='bbox 892 1708 973 1733; x_wconf 90' lang='lat' dir='ltr'>non</span> <span class='ocrx_word' id='word_1_192' title='bbox 1003 1696 1120 1734; x_wconf 89' lang='lat' dir='ltr'>recito</span> <span class='ocrx_word' id='word_1_193' title='bbox 1148 1696 1367 1734; x_wconf 88' lang='lat' dir='ltr'>testimonia</span> <span class='ocrx_word' id='word_1_194' title='bbox 1396 1696 1520 1734; x_wconf 89' lang='lat' dir='ltr'>homi-</span> 
     </span>
     <span class='ocr_line' id='line_1_25' title="bbox 269 1761 1519 1810; baseline 0.002 -12"><span class='ocrx_word' id='word_1_195' title='bbox 269 1773 363 1798; x_wconf 90' lang='lat' dir='ltr'>num</span> <span class='ocrx_word' id='word_1_196' title='bbox 383 1761 755 1806; x_wconf 88' lang='lat' dir='ltr'>honestissimorum,</span> <span class='ocrx_word' id='word_1_197' title='bbox 773 1773 871 1810; x_wconf 89' lang='lat' dir='ltr'>quae</span> <span class='ocrx_word' id='word_1_198' title='bbox 891 1761 927 1798; x_wconf 89' lang='lat' dir='ltr'>in</span> <span class='ocrx_word' id='word_1_199' title='bbox 952 1761 1148 1799; x_wconf 87' lang='lat' dir='ltr'>Staienum</span> <span class='ocrx_word' id='word_1_200' title='bbox 1169 1767 1258 1799; x_wconf 88' lang='lat' dir='ltr'>sunt</span> <span class='ocrx_word' id='word_1_201' title='bbox 1277 1761 1380 1800; x_wconf 86' lang='lat' dir='ltr'>dicta</span> <span class='ocrx_word' id='word_1_202' title='bbox 1399 1763 1448 1800; x_wconf 91' lang='lat' dir='ltr'>ab</span> <span class='ocrx_word' id='word_1_203' title='bbox 1463 1763 1519 1810; x_wconf 90' lang='lat' dir='ltr'>iis,</span> 
     </span>
     <span class='ocr_line' id='line_1_26' title="bbox 213 1825 1521 1876; baseline 0.002 -12"><span class='ocrx_word' id='word_1_204' title='bbox 213 1842 251 1874; x_wconf 85' lang='lat'>25</span> <span class='ocrx_word' id='word_1_205' title='bbox 267 1827 333 1876; x_wconf 90' lang='lat' dir='ltr'>qui</span> <span class='ocrx_word' id='word_1_206' title='bbox 363 1825 484 1864; x_wconf 88' lang='lat' dir='ltr'>Mam.</span> <span class='ocrx_word' id='word_1_207' title='bbox 504 1825 682 1867; x_wconf 87' lang='lat' dir='ltr'>Aemilio,</span> <span class='ocrx_word' id='word_1_208' title='bbox 704 1826 915 1864; x_wconf 82' lang='lat' dir='ltr'>clarissimo</span> <span class='ocrx_word' id='word_1_209' title='bbox 944 1827 1035 1872; x_wconf 91' lang='lat' dir='ltr'>viro,</span> <span class='ocrx_word' id='word_1_210' title='bbox 1061 1826 1186 1876; x_wconf 84' lang='lat' dir='ltr'>legati,</span> <span class='ocrx_word' id='word_1_211' title='bbox 1206 1833 1243 1864; x_wconf 88' lang='lat' dir='ltr'>et</span> <span class='ocrx_word' id='word_1_212' title='bbox 1271 1826 1463 1876; x_wconf 84' lang='lat' dir='ltr'>praefecti,</span> <span class='ocrx_word' id='word_1_213' title='bbox 1483 1834 1521 1866; x_wconf 91' lang='lat' dir='ltr'>et</span> 
     </span>
     <span class='ocr_line' id='line_1_27' title="bbox 268 1891 1520 1942; baseline 0.001 -13"><span class='ocrx_word' id='word_1_214' title='bbox 268 1892 407 1929; x_wconf 89' lang='lat' dir='ltr'>tribuni</span> <span class='ocrx_word' id='word_1_215' title='bbox 444 1892 624 1930; x_wconf 90' lang='lat' dir='ltr'>militares</span> <span class='ocrx_word' id='word_1_216' title='bbox 662 1891 837 1929; x_wconf 89' lang='lat' dir='ltr'>fuerunt:</span> <span class='ocrx_word' id='word_1_217' title='bbox 886 1903 1050 1941; x_wconf 90' lang='lat' dir='ltr'>quorum</span> <span class='ocrx_word' id='word_1_218' title='bbox 1098 1891 1326 1930; x_wconf 87' lang='lat' dir='ltr'>testimoniis</span> <span class='ocrx_word' id='word_1_219' title='bbox 1363 1892 1520 1942; x_wconf 89' lang='lat' dir='ltr'>planum</span> 
     </span>
     <span class='ocr_line' id='line_1_28' title="bbox 268 1956 1520 2007; baseline 0 -13"><span class='ocrx_word' id='word_1_220' title='bbox 268 1956 413 1996; x_wconf 86' lang='lat' dir='ltr'>factum</span> <span class='ocrx_word' id='word_1_221' title='bbox 441 1963 510 2003; x_wconf 91' lang='lat' dir='ltr'>est,</span> <span class='ocrx_word' id='word_1_222' title='bbox 530 1957 698 1995; x_wconf 82' lang='lat' dir='ltr'>maxime</span> <span class='ocrx_word' id='word_1_223' title='bbox 727 1958 808 1994; x_wconf 88' lang='lat' dir='ltr'>eius</span> <span class='ocrx_word' id='word_1_224' title='bbox 838 1969 967 2006; x_wconf 89' lang='lat' dir='ltr'>opera,</span> <span class='ocrx_word' id='word_1_225' title='bbox 987 1969 1106 2007; x_wconf 90' lang='lat' dir='ltr'>quum</span> <span class='ocrx_word' id='word_1_226' title='bbox 1135 1963 1316 2006; x_wconf 90' lang='lat' dir='ltr'>quaestor</span> <span class='ocrx_word' id='word_1_227' title='bbox 1343 1963 1454 2003; x_wconf 90' lang='lat' dir='ltr'>esset,</span> <span class='ocrx_word' id='word_1_228' title='bbox 1479 1957 1520 1995; x_wconf 89' lang='lat' dir='ltr'>in</span> 
     </span>
     <span class='ocr_line' id='line_1_29' title="bbox 270 2021 1520 2071; baseline 0.001 -11"><span class='ocrx_word' id='word_1_229' title='bbox 270 2022 439 2061; x_wconf 86' lang='lat' dir='ltr'>exercitu</span> <span class='ocrx_word' id='word_1_230' title='bbox 458 2022 687 2060; x_wconf 89' lang='lat' dir='ltr'>seditionem</span> <span class='ocrx_word' id='word_1_231' title='bbox 715 2034 800 2060; x_wconf 88' lang='lat' dir='ltr'>esse</span> <span class='ocrx_word' id='word_1_232' title='bbox 829 2021 1046 2060; x_wconf 87' lang='lat' dir='ltr'>conflatam.</span> <span class='ocrx_word' id='word_1_233' title='bbox 1102 2021 1163 2059; x_wconf 93' lang='lat' dir='ltr'>Ne</span> <span class='ocrx_word' id='word_1_234' title='bbox 1191 2021 1253 2059; x_wconf 87' lang='lat' dir='ltr'>illa</span> <span class='ocrx_word' id='word_1_235' title='bbox 1272 2021 1427 2071; x_wconf 88' lang='lat' dir='ltr'>quidem</span> <span class='ocrx_word' id='word_1_236' title='bbox 1446 2028 1520 2061; x_wconf 89' lang='lat' dir='ltr'>tes-</span> 
     </span>
     <span class='ocr_line' id='line_1_30' title="bbox 271 2086 1520 2136; baseline 0.001 -11"><span class='ocrx_word' id='word_1_237' title='bbox 271 2087 433 2126; x_wconf 88' lang='lat' dir='ltr'>timonia</span> <span class='ocrx_word' id='word_1_238' title='bbox 469 2088 599 2133; x_wconf 91' lang='lat' dir='ltr'>recito,</span> <span class='ocrx_word' id='word_1_239' title='bbox 628 2099 728 2136; x_wconf 88' lang='lat' dir='ltr'>quae</span> <span class='ocrx_word' id='word_1_240' title='bbox 757 2087 857 2125; x_wconf 89' lang='lat' dir='ltr'>dicta</span> <span class='ocrx_word' id='word_1_241' title='bbox 895 2094 982 2125; x_wconf 89' lang='lat' dir='ltr'>sunt</span> <span class='ocrx_word' id='word_1_242' title='bbox 1013 2087 1061 2125; x_wconf 92' lang='lat' dir='ltr'>de</span> <span class='ocrx_word' id='word_1_243' title='bbox 1098 2086 1168 2124; x_wconf 92' lang='lat' dir='ltr'>IIS</span> <span class='ocrx_word' id='word_1_244' title='bbox 1206 2097 1285 2133; x_wconf 77' lang='lat' dir='ltr'>roc;</span> <span class='ocrx_word' id='word_1_245' title='bbox 1324 2099 1422 2136; x_wconf 90' lang='lat' dir='ltr'>quae</span> <span class='ocrx_word' id='word_1_246' title='bbox 1459 2087 1520 2126; x_wconf 90' lang='lat' dir='ltr'>ille</span> 
     </span>
     <span class='ocr_line' id='line_1_31' title="bbox 215 2151 1520 2204; baseline -0.001 -13"><span class='ocrx_word' id='word_1_247' title='bbox 215 2169 257 2200; x_wconf 83' lang='lat'>30</span> <span class='ocrx_word' id='word_1_248' title='bbox 273 2165 392 2204; x_wconf 88' lang='lat' dir='ltr'>quum</span> <span class='ocrx_word' id='word_1_249' title='bbox 411 2153 623 2202; x_wconf 86' lang='lat' dir='ltr'>accepisset</span> <span class='ocrx_word' id='word_1_250' title='bbox 642 2153 799 2190; x_wconf 90' lang='lat' dir='ltr'>nomine</span> <span class='ocrx_word' id='word_1_251' title='bbox 828 2152 955 2190; x_wconf 91' lang='lat' dir='ltr'>iudicii</span> <span class='ocrx_word' id='word_1_252' title='bbox 977 2151 1171 2198; x_wconf 89' lang='lat' dir='ltr'>Safiniani,</span> <span class='ocrx_word' id='word_1_253' title='bbox 1191 2152 1286 2190; x_wconf 89' lang='lat' dir='ltr'>sicut</span> <span class='ocrx_word' id='word_1_254' title='bbox 1313 2152 1354 2189; x_wconf 90' lang='lat' dir='ltr'>in</span> <span class='ocrx_word' id='word_1_255' title='bbox 1374 2151 1520 2202; x_wconf 88' lang='lat' dir='ltr'>Oppia-</span> 
     </span>
     <span class='ocr_line' id='line_1_32' title="bbox 271 2216 1519 2267; baseline -0.002 -11"><span class='ocrx_word' id='word_1_256' title='bbox 271 2219 345 2256; x_wconf 89' lang='lat' dir='ltr'>nici</span> <span class='ocrx_word' id='word_1_257' title='bbox 367 2218 506 2256; x_wconf 89' lang='lat' dir='ltr'>iudicio</span> <span class='ocrx_word' id='word_1_258' title='bbox 526 2225 671 2267; x_wconf 85' lang='lat' dir='ltr'>postea,</span> <span class='ocrx_word' id='word_1_259' title='bbox 692 2217 839 2255; x_wconf 85' lang='lat' dir='ltr'>reticuit</span> <span class='ocrx_word' id='word_1_260' title='bbox 858 2223 972 2266; x_wconf 88' lang='lat' dir='ltr'>atque</span> <span class='ocrx_word' id='word_1_261' title='bbox 993 2217 1214 2267; x_wconf 88' lang='lat' dir='ltr'>suppressit.</span> <span class='ocrx_word' id='word_1_262' title='bbox 1267 2228 1353 2254; x_wconf 90' lang='lat'>100.</span> <span class='ocrx_word' id='word_1_263' title='bbox 1370 2216 1519 2255; x_wconf 90' lang='lat' dir='ltr'>Omitto</span> 
     </span>
     <span class='ocr_line' id='line_1_33' title="bbox 272 2281 1520 2333; baseline -0.002 -11"><span class='ocrx_word' id='word_1_264' title='bbox 272 2291 309 2322; x_wconf 90' lang='lat' dir='ltr'>et</span> <span class='ocrx_word' id='word_1_265' title='bbox 337 2284 443 2326; x_wconf 85' lang='lat' dir='ltr'>haec,</span> <span class='ocrx_word' id='word_1_266' title='bbox 471 2289 510 2322; x_wconf 89' lang='lat' dir='ltr'>et</span> <span class='ocrx_word' id='word_1_267' title='bbox 538 2282 609 2321; x_wconf 87' lang='lat' dir='ltr'>alia</span> <span class='ocrx_word' id='word_1_268' title='bbox 636 2282 835 2333; x_wconf 83' lang='lat' dir='ltr'>permulta,</span> <span class='ocrx_word' id='word_1_269' title='bbox 862 2294 960 2332; x_wconf 86' lang='lat' dir='ltr'>quae</span> <span class='ocrx_word' id='word_1_270' title='bbox 989 2281 1053 2320; x_wconf 85' lang='lat' dir='ltr'>illo</span> <span class='ocrx_word' id='word_1_271' title='bbox 1081 2281 1220 2320; x_wconf 87' lang='lat' dir='ltr'>iudicio</span> <span class='ocrx_word' id='word_1_272' title='bbox 1251 2282 1291 2319; x_wconf 89' lang='lat' dir='ltr'>in</span> <span class='ocrx_word' id='word_1_273' title='bbox 1323 2281 1520 2321; x_wconf 88' lang='lat' dir='ltr'>Staienum</span> 
     </span>
    </p>
   </div>
  </div>
 </body>
</html>
