1650 2554
158 180 196 218 §5
213 177 330 210 8-12,
453 178 630 210 ORATIO
658 171 754 210 PRo
781 176 826 211 A.
859 168 1102 209 chENTm.
1346 167 1401 222 63

156 284 274 335 patris
307 284 361 322 tui
393 297 510 323 causa
542 285 667 323 dicere
699 283 903 330 existimes,
938 283 1145 321 adductum
1178 281 1252 320 fide
1286 288 1401 332 atque

154 349 282 388 officio
312 349 555 388 defensionis.
612 349 766 387 Etenim
794 349 861 386 tibi
890 348 921 386 si
948 348 988 385 in
1016 347 1229 397 praesentia
1256 346 1402 384 satisfa-

155 427 241 453 cere
268 427 349 453 non
375 422 549 465 potuero,
570 422 699 453 tamen
723 414 864 452 multae
891 413 984 450 mihi
1013 412 1063 450 ad
1090 411 1401 450 satisfaciendum

156 479 302 529 reliquo
330 487 505 530 tempore
531 480 726 518 facultates
754 479 966 517 dabuntur:
996 477 1172 516 Cluentio
1198 477 1271 514 nisi
1298 488 1401 514 nunc

156 545 385 590 satisfecero,
420 553 556 594 postea
588 545 680 582 mihi
714 544 968 582 satisfaciendi
1006 549 1174 592 potestas
1208 554 1288 580 non
1321 542 1400 579 erit.
1417 556 1434 588 5

158 609 279 647 Simul
307 618 344 648 et
372 610 464 647 illud
490 610 574 659 quis
597 617 654 648 est
678 610 743 659 qui
767 609 939 647 dubitare
966 608 1113 654 debeat,
1136 614 1271 645 contra
1294 607 1400 645 dam-

154 678 288 712 natum
317 682 354 713 et
381 682 588 720 mortuum,
614 686 686 724 pro
714 674 897 712 incolumi
925 679 962 712 et
989 674 1074 711 vivo
1104 673 1251 711 dicere:
1281 684 1401 722 quum

152 739 214 785 illi,
247 740 287 777 in
321 752 436 790 quem
471 740 617 786 dicitur,
653 739 848 777 damnatio
883 751 1000 776 omne
1032 738 1266 788 ignominiae
1302 738 1400 787 peri-

150 805 280 842 culum
316 805 393 842 iam
431 805 637 850 abstulerit,
675 815 778 841 mors
816 816 906 841 vero
945 804 1059 841 etiam
1097 803 1266 841 doloris?
1312 802 1399 840 huie

151 878 292 916 autem,
318 882 390 920 pro
418 882 496 919 quo
522 869 667 915 dicitur,
693 869 785 906 nihil
813 869 936 918 possit
963 868 1187 906 offensionis
1217 868 1399 906 accedere
1418 883 1457 905 10

151 936 234 973 sine
254 935 500 972 acerbissimo
520 934 637 972 animi
657 946 772 972 sensu
797 946 842 971 ac
868 934 1055 980 molestia,
1075 940 1112 971 et
1138 933 1219 971 sine
1246 945 1399 971 summo

151 1000 340 1038 dedecore
360 1000 456 1037 vitae
476 1011 521 1037 ac
541 999 801 1049 turpitudine?
862 1011 920 1036 11.
950 998 1090 1048 Atque,
1111 1005 1152 1035 ut
1172 998 1400 1047 intelligatis,

151 1064 370 1103 Cluentium
390 1077 471 1103 non
490 1065 727 1103 accusatorio
743 1064 884 1109 animo,
902 1075 983 1101 non
998 1063 1253 1101 ostentatione
1273 1063 1399 1112 aliqua

151 1137 216 1168 aut
243 1131 366 1179 gloria
394 1130 612 1175 adductum,
637 1129 705 1166 sed
732 1129 884 1166 nefariis
910 1129 1064 1174 iniuriis,
1085 1127 1316 1177 quotidianis
1342 1129 1399 1165 in-

150 1196 266 1242 sidiis,
287 1196 486 1245 proposito
506 1202 592 1233 ante
612 1194 746 1232 oeulos
765 1195 862 1232 vitae
886 1194 1066 1244 periculo,
1087 1205 1232 1231 nornen
1253 1192 1398 1243 Oppia—
1418 1210 1452 1241 15

110 1282 113 1284 -
150 1261 225 1298 nici
246 1260 436 1304 detulisse,
457 1259 585 1310 paullo
610 1259 762 1308 longius
782 1259 983 1296 exordium
1005 1258 1058 1296 rei
1078 1258 1399 1296 demonstrandae

151 1332 302 1375 petam:
329 1324 435 1374 quod
452 1336 607 1374 quaeso,
624 1324 780 1369 iudices,
796 1336 845 1361 ne
860 1324 1021 1361 moleste
1041 1323 1249 1372 patiamini.
1292 1323 1399 1360 Prin-

151 1390 259 1439 cipiis
279 1390 381 1427 enim
402 1389 576 1438 cognitis,
596 1388 715 1426 multo
736 1388 881 1426 facilius
900 1394 1070 1426 extrema
1089 1387 1315 1437 intelligetis.

205 1459 245 1492 5.
282 1455 328 1492 A.
358 1453 555 1492 Cluentius
588 1453 755 1492 Habitus
793 1453 872 1499 fuit,
902 1460 1010 1503 pater
1042 1452 1211 1498 huiusce,
1242 1453 1398 1499 iudices,

150 1518 270 1557 homo
304 1530 384 1556 non
414 1518 538 1556 solum
567 1518 764 1567 municipii
792 1518 990 1564 Larinatis,
1021 1530 1068 1555 ex
1101 1529 1180 1566 quo
1214 1523 1302 1563 erat,
1332 1518 1401 1556 sed
1417 1533 1456 1555 20

150 1583 266 1622 etiam
298 1583 466 1632 regionis
496 1583 595 1620 illius
628 1589 666 1620 et
694 1583 904 1629 vicinitatis,
933 1583 1079 1628 virtute,
1109 1582 1400 1629 existimatione,

150 1649 346 1686 nobilitate
374 1647 482 1686 facile
510 1648 702 1697 princeps.
758 1647 798 1685 Is
824 1660 944 1697 quum
968 1653 1068 1685 esset
1092 1654 1278 1694 mortuus,
1301 1647 1403 1685 Sulla

150 1719 188 1752 et
216 1713 406 1762 Pompeio
440 1711 671 1757 consulibus,
701 1712 850 1762 reliquit
882 1713 985 1750 hunc
1019 1723 1143 1750 annos
1173 1724 1225 1750 xv
1255 1719 1399 1758 natum,

150 1777 336 1827 grandem
366 1783 494 1814 autem
527 1783 564 1814 et
593 1777 763 1815 nubilem
796 1777 935 1815 filiam:
970 1789 1068 1827 quae
1095 1777 1200 1814 brevi
1229 1784 1402 1826 tempore

149 1849 239 1892 post
267 1842 384 1892 patris
413 1849 579 1880 mortem
607 1843 734 1892 nupsit
759 1843 807 1880 A.
831 1843 950 1880 Aurio
980 1842 1139 1887 Melino,
1167 1843 1401 1880 consobrino
1419 1857 1456 1889 ²5

151 1918 234 1954 suo,
257 1907 492 1945 adolescenti
521 1907 560 1944 in
588 1908 731 1956 primis,
755 1914 797 1945 ut
825 1914 906 1944 tum
934 1907 1157 1954 habebatur,
1184 1908 1281 1945 inter
1310 1919 1401 1945 suos

151 1978 189 2010 et
226 1972 389 2010 honesto
427 1978 465 2010 et
502 1972 631 2010 nobili.
703 1984 762 2010 12.
802 1972 933 2019 Quum
970 1980 1098 2011 essent
1135 1973 1207 2012 hae
1245 1974 1402 2023 nuptiae

151 2037 286 2086 plenae
317 2038 518 2086 dignitatis,
551 2038 687 2087 plenae
717 2038 959 2085 concordiae,
989 2046 1146 2088 repente
1179 2046 1237 2077 est
1269 2046 1403 2077 exorta

153 2101 320 2140 mulieris
348 2102 590 2151 importunae
619 2101 762 2140 nefaria
790 2102 920 2149 libido,
950 2115 1030 2141 non
1060 2104 1183 2141 solum
1214 2104 1403 2142 dedecore

152 2178 284 2204 verum
304 2167 418 2204 etiam
439 2167 580 2204 scelere
600 2167 816 2205 coniuncta.
873 2167 976 2205 Nam
997 2168 1135 2215 Sassia,
1151 2176 1272 2206 mater
1291 2169 1402 2206 huius
1417 2184 1461 2215 30

155 2229 476 2275 Habiti,-—mater
495 2232 597 2269 enim
617 2244 639 2269 a
658 2243 720 2268 me
740 2232 905 2270 nominis
924 2245 1050 2276 causa,
1071 2234 1220 2271 tametsi
1242 2234 1280 2269 in
1300 2233 1402 2270 hunc

153 2294 280 2332 hostili
299 2295 390 2333 odio
411 2301 448 2334 et
468 2296 687 2334 crudelitate
707 2303 774 2343 est,
790 2303 922 2344 mater,
942 2298 1111 2348 inquam,
1132 2297 1402 2349 appellabitur:
