1650 2554
227 133 282 179 74
598 135 649 167 M.
685 135 845 167 TULLII
875 136 1125 167 CICERONIS
1274 146 1328 171 eo.
1345 140 1403 178 13,
1418 139 1477 169 14.

224 239 351 279 facere
369 240 474 279 velle.
531 240 770 291 Oppianicus
790 242 1056 292 obsignatores
1076 242 1126 280 ad
1146 253 1246 285 eum,
1266 242 1331 292 qui
1351 255 1479 293 neque

223 306 412 352 Asinium,
441 319 567 356 neque
595 307 775 345 Avillium
803 314 972 355 nossent,
1000 307 1165 353 adducit,
1196 313 1233 345 et
1260 307 1365 345 illum
1390 308 1480 346 Asi-

223 370 330 408 nium
350 371 537 421 appellat:
566 372 661 421 ipse,
681 377 912 410 testamento
931 372 1056 420 Asin-ii
1076 372 1234 410 nomine
1258 372 1478 421 obsignato,

225 436 395 475 discedit.
452 437 610 475 Avillius
630 437 730 475 illico
751 438 992 476 convalescit.
1048 437 1206 475 Asinius
1226 444 1354 475 autem
1373 438 1478 475 brevi

189 516 207 548 5
223 501 288 539 illo
307 507 493 551 tempore,
521 503 630 551 quasi
649 503 688 539 in
710 502 883 540 hortulos
910 503 988 549 iret,
1009 502 1049 540 in
1075 501 1265 540 arenarias
1290 501 1478 551 quasdam

223 573 331 605 extra
358 575 510 617 portam
537 567 777 617 Esquilinam
805 567 1022 617 perductus,
1051 566 1250 605 occiditur.
1308 568 1369 615 38.
1399 565 1478 613 Qui

224 644 345 682 quum
373 646 495 671 unum
522 634 599 671 iam
629 640 666 671 et
695 633 854 671 alterum
884 633 987 671 diem
1016 631 1316 670 desideraretur:
1351 643 1480 680 neque

225 698 264 735 in
284 699 329 737 iis
347 699 453 745 locis,
473 699 539 736 ubi
568 711 616 736 ex
640 698 919 737 consuetudine
945 698 1209 748 quaerebatur,
1235 697 1478 742 inveniretur,

225 770 263 802 et
283 763 522 814 Oppianicus
550 764 590 801 in
617 764 701 802 foro
731 763 967 802 Larinatium
994 763 1190 808 dictitaret,
1220 774 1343 811 nuper
1371 773 1412 800 se
1441 768 1480 800 et

173 844 212 866 ιο
226 841 315 867 suos
341 829 487 867 amicos
514 835 784 867 testamentum
810 828 891 866 eius
917 828 1163 877 obsignasse:
1192 826 1315 864 liberti
1342 826 1482 872 Asinii,-

227 899 265 931 et
290 894 463 931 nonnulli
491 894 614 936 amici,
643 893 749 943 quod
774 905 822 932 eo
849 893 922 939 die,
949 904 1027 942 quo
1053 898 1294 941 postremum
1322 890 1480 929 Asinius

225 959 328 996 visus
361 966 452 1006 erat,
485 959 665 996 Avillium
698 970 787 996 cum
820 969 868 996 eo
902 957 1032 1003 fuisse,
1065 962 1103 995 et
1135 968 1159 994 a
1191 955 1321 993 multis
1357 956 1482 994 visum

228 1035 312 1061 esse
339 1025 550 1070 constabat,
573 1025 613 1061 in
639 1035 728 1061 eum
753 1022 938 1060 invadunt
963 1029 1001 1060 et
1020 1021 1220 1059 hominem
1247 1026 1336 1059 ante
1359 1020 1483 1070 pedes

228 1087 280 1135 Q.
311 1088 471 1135 Manilii,
505 1089 571 1139 qui
603 1095 685 1126 tum
718 1094 798 1126 erat
830 1087 1010 1132 triumvir,
1049 1086 1297 1125 constituunt.
1351 1085 1482 1135 Atque

174 1167 212 1200 15
229 1153 288 1191 ille
317 1155 515 1201 continuo,
544 1153 650 1191 nullo
677 1159 783 1199 teste,
813 1152 918 1190 nullo
947 1151 1085 1197 indice,
1113 1151 1276 1189 recentis
1304 1150 1481 1188 maleficii

229 1219 465 1257 conscientia
491 1219 722 1270 perterritus,
746 1217 891 1263 omnia,
917 1222 959 1254 ut
984 1229 1007 1254 a
1032 1228 1095 1254 me
1115 1215 1244 1266 paullo
1272 1221 1360 1255 ante
1381 1215 1483 1254 dicta

229 1290 329 1330 sunt,
346 1285 514 1334 exponit,
529 1283 784 1333 Asiniumque
804 1283 853 1319 ab
873 1294 926 1328 se,
946 1281 1107 1319 consilio
1129 1280 1347 1330 Oppianici,
1367 1281 1482 1320 inter-

228 1348 371 1387 fectum
391 1349 537 1388 fatetur.
596 1361 659 1397 39.
687 1347 906 1385 Extrahitur
926 1347 1046 1385 domo
1071 1346 1223 1384 latitans
1244 1346 1483 1396 Oppianicus

229 1426 253 1452 a
275 1413 459 1452 Manilio:
490 1414 607 1452 index
632 1413 791 1450 Avillius
820 1425 868 1450 ex
897 1412 1013 1449 altera
1037 1417 1143 1461 parte
1166 1422 1298 1449 coram
1322 1417 1483 1451 tenetur.
1508 1449 1511 1452 Α

174 1494 215 1518 20
231 1479 309 1518 Hic
328 1480 406 1516 iam
425 1479 519 1528 quid
537 1479 681 1528 reliqua
700 1478 910 1528 quaeritis?
957 1476 1159 1514 Manilium
1178 1476 1350 1526 plerique
1370 1488 1484 1515 nora-

229 1544 287 1582 tis.
346 1543 440 1582 Non
460 1544 520 1581 ille
540 1543 731 1581 honorem
750 1555 773 1580 a
792 1542 966 1592 pueritia,
986 1553 1066 1580 non
1083 1541 1207 1579 studia
1226 1541 1381 1587 virtutis,
1402 1553 1485 1579 non

230 1609 350 1646 ullum
379 1608 669 1646 existimationis
702 1609 830 1646 bonae
859 1607 1024 1645 fructum
1057 1618 1244 1655 umquam
1277 1607 1483 1655 cogitarat:

232 1673 301 1711 sed
330 1685 378 1711 ex
401 1673 586 1722 petulanti
607 1679 722 1722 atque
748 1672 926 1721 improbo
951 1682 1090 1716 scurra,
1111 1671 1150 1707 in
1177 1669 1376 1709 discordiis
1395 1670 1485 1709 civi-

231 1739 328 1784 tatis,
359 1738 409 1776 ad
434 1750 521 1776 eam
545 1738 779 1783 columnam,
806 1737 856 1774 ad
875 1748 993 1786 quam
1019 1736 1227 1773 multorum
1247 1747 1363 1785 saepe
1390 1748 1485 1774 con-

177 1819 217 1851 25
232 1804 336 1842 viciis
368 1803 575 1853 perductus
609 1809 700 1848 erat,
738 1809 820 1840 tum
854 1801 1043 1851 suffragiis
1079 1801 1212 1851 populi
1249 1807 1473 1850 pervenerat

233 1869 367 1918 Itaque
400 1880 483 1906 rem
516 1879 605 1905 curn
639 1866 859 1917 Oppianico
892 1865 1087 1915 transigit:
1120 1865 1326 1914 pecuniam
1357 1866 1407 1903 ab
1436 1878 1486 1904 eo

233 1934 395 1983 accipit:
431 1945 588 1971 causam
627 1939 664 1970 et
698 1938 917 1981 susceptam
950 1937 988 1969 et
1019 1930 1264 1968 manifestam
1296 1930 1486 1981 relinquit.

234 1999 294 2037 Ac
314 2005 396 2036 tum
415 1998 454 2035 in
475 1997 681 2047 Oppianici
701 2009 828 2043 causa,
850 1997 994 2034 crimen
1020 1996 1096 2034 hoc
1115 1995 1346 2033 Asinianum
1366 2007 1487 2045 quum

234 2064 393 2102 testibus
407 2063 544 2108 multis,
561 2069 642 2100 tum
657 2074 749 2100 vero
764 2062 906 2099 indicio
921 2060 1045 2098 Avillii
1060 2060 1294 2110 probabatur
1309 2071 1317 2098 :
1337 2060 1378 2097 in
1394 2072 1485 2109 quo,

177 2145 221 2177 30
234 2130 332 2167 inter
357 2128 551 2177 allegatos,
573 2127 778 2177 Oppianici
804 2138 950 2164 nomen
972 2126 1139 2175 primum
1165 2136 1250 2162 esse
1270 2126 1486 2171 constabat,

234 2195 326 2239 eius,
354 2204 471 2242 quem
499 2203 568 2230 vos
595 2192 779 2229 miserum
808 2197 922 2242 atque
949 2190 1199 2229 innocentem
1224 2188 1321 2228 falso
1345 2189 1487 2229 iudicio

236 2259 537 2297 circumventum
556 2269 641 2295 esse
662 2256 795 2296 dicitiS.
