1650 2554
253 176 333 216 114
620 174 671 207 M.
707 174 868 207 TULLII
896 174 1147 207 CICERONIS
1289 185 1342 210 οο.
1361 178 1424 215 47,
1445 150 1507 210 46.

250 279 414 328 equestri
447 278 585 317 ordine
618 281 923 327 communicata;
958 286 1000 318 ut
1032 280 1248 319 viderentur
1280 293 1349 331 per
1376 280 1503 319 homi-

249 356 343 381 num
375 343 608 383 idoneorum
636 345 890 395 ignominiam
921 357 992 384 sua
1019 346 1243 385 auctoritate
1273 347 1337 385 illa
1363 347 1504 385 iudicia

248 408 554 459 reprehendisse.
617 423 703 459 131.
735 410 855 458 Quod
884 411 915 449 si
943 411 1045 450 hanc
1073 411 1178 461 apud
1205 412 1367 450 eosdem
1395 412 1504 462 ipsos

250 486 430 513 censores
449 475 543 512 mihi
563 483 627 514 aut
646 476 707 514 alii
735 488 892 514 causam
918 489 1031 526 agere
1057 477 1250 516 licuisset:
1281 477 1504 516 hominibus

214 557 232 586 5
249 540 311 578 tali
337 541 539 591 prudentia
564 541 744 590 praeditis
771 548 872 579 certe
897 542 1161 591 probavissem
1184 543 1262 591 (res
1281 543 1385 581 enim
1403 543 1502 581 indi-

250 607 327 654 cat)
349 605 441 643 nihil
465 606 571 655 ipsos
598 605 779 644 habuisse
806 607 961 656 cogniti,
982 606 1076 644 nihil
1102 608 1312 657 comperti:
1345 620 1394 646 ex
1422 615 1504 647 tota

248 671 319 708 ista
349 671 630 721 subscriptione
658 683 854 709 rumorem
881 671 1076 722 quendam
1104 679 1141 710 et
1171 672 1350 722 plausum
1378 685 1503 724 popu-

248 736 368 773 larem
393 748 477 774 esse
497 737 724 786 quaesitum.
783 736 887 774 Nam
906 737 946 774 in
966 736 1007 775 P.
1030 736 1247 786 Popillium,
1269 739 1334 788 qui
1354 737 1502 789 Oppia-

248 801 379 838 nicum
421 802 711 848 condemnarat,
746 802 968 852 subscripsit
1008 802 1052 840 L.
1093 801 1251 850 Gellius,
1291 806 1301 823 ‘
1317 804 1424 853 quod
1469 804 1502 842 is

195 882 234 904 10
250 867 455 916 pecuniam
502 868 726 917 accepisset,
774 880 852 917 quo
903 868 1150 906 innocentem
1198 866 1500 907 condemnaret.'

251 932 336 969 Iam
364 932 403 970 id
429 932 557 983 ipsum
580 939 747 983 quantae
771 932 1013 970 divinationis
1036 939 1104 980 est,
1125 933 1233 980 scire,
1254 934 1502 973 innocentem

247 996 363 1035 fuisse
384 1009 504 1044 reum,
521 1010 637 1048 quem
656 998 817 1037 fortasse
838 1010 1051 1048 numquam
1065 998 1220 1045 viderat,
1236 1010 1357 1048 quum
1375 998 1500 1037 homi-

248 1074 316 1100 nes
340 1063 622 1112 sapientissimi,
643 1064 799 1110 iudices,
820 1070 862 1102 ut
886 1063 980 1101 nihil
1007 1064 1133 1102 dicam
1161 1064 1208 1102 de
1233 1064 1290 1108 iis,
1315 1065 1380 1114 qui
1406 1076 1500 1103 con-

248 1127 487 1175 demnarunt,
509 1141 625 1168 causa
645 1130 811 1179 cognita,
833 1130 904 1167 sibi
925 1129 1087 1167 dixerint
1107 1141 1187 1167 non
1207 1128 1377 1178 liquere?

195 1208 229 1239 15
308 1206 394 1242 132.
418 1193 566 1232 Verum
589 1202 695 1233 esto:
726 1195 960 1234 condemnat
980 1195 1185 1245 Popillium
1205 1194 1371 1234 Gellius:
1401 1195 1498 1234 iudi-

247 1266 318 1304 cat,
339 1259 536 1309 accepisse
556 1271 579 1297 a
598 1259 777 1298 Cluentio
797 1261 1014 1310 pecuniam.
1062 1259 1191 1310 Negat
1210 1259 1285 1298 hoc
1300 1259 1498 1300 Lentulus.

248 1323 354 1361 Nam
373 1323 590 1374 Popillium,
612 1324 718 1375 quod
738 1332 818 1363 erat
836 1325 999 1363 libertini
1019 1325 1128 1372 filius,
1148 1325 1188 1362 in
1215 1332 1391 1364 senatum
1410 1326 1499 1365 'non

245 1389 356 1439 legit:
380 1389 509 1427 locum
524 1389 680 1440 quidem
701 1390 934 1428 senatorium
953 1390 1051 1428 ludis
1071 1397 1108 1428 et
1127 1396 1254 1429 cetera
1272 1397 1500 1430 ornamenta

246 1454 435 1504 relinquit,
465 1460 503 1492 et
531 1467 620 1493 eum
649 1456 755 1493 omni
784 1455 998 1505 ignominia
1029 1455 1172 1494 liberat,
1229 1455 1349 1503 Quod
1378 1468 1498 1507 quum

192 1535 232 1557 20
246 1519 347 1566 facit,
370 1520 522 1567 iudicat,
550 1521 630 1559 eius
658 1522 847 1560 sententia
872 1521 989 1571 gratis
1015 1533 1098 1560 esse
1120 1521 1380 1572 Oppianicum
1404 1534 1498 1561 con-

247 1585 482 1623 demnatum.
544 1585 594 1624 Et
631 1587 799 1624 eundem
830 1586 1037 1636 Popillium
1069 1593 1206 1636 postea
1236 1586 1421 1626 Lentulus
1457 1588 1498 1626 in

246 1649 412 1687 ambitus
455 1650 596 1688 iudicio
644 1663 715 1700 pro
757 1651 979 1689 testimonio
1023 1651 1310 1701 diligentissime
1356 1651 1496 1691 laudat.

246 1714 388 1762 Quare,
418 1715 450 1753 si
478 1727 604 1766 neque
633 1715 678 1753 L.
700 1715 812 1754 Gellii
840 1716 980 1754 iudicio
1012 1717 1113 1755 stetit
1142 1716 1338 1764 Lentulus,
1368 1730 1497 1768 neque

245 1779 398 1818 Lentuli
418 1780 701 1819 existimatione
721 1787 924 1819 contentus
944 1780 1014 1819 fuit
1030 1780 1198 1820 Gellius:
1222 1788 1270 1828 et,
1286 1782 1319 1820 si
1337 1789 1497 1833 uterque
1543 1804 1568 1811 ⁷—
1599 1809 1602 1811 Α
1626 1795 1627 1798 ’

191 1861 229 1892 25
249 1857 387 1883 censor
425 1846 596 1883 censoris
634 1845 820 1895 opinione
858 1846 1038 1884 standum
1075 1858 1157 1884 non
1194 1847 1359 1896 putavit:
1403 1848 1497 1899 quid

245 1917 313 1955 est,
346 1911 600 1960 quamobrem
631 1911 836 1960 quisquam
866 1916 1041 1949 nostrum
1075 1911 1271 1950 censorias
1304 1913 1496 1963 subscrip-

245 1975 370 2012 tiones
409 1987 546 2014 omnes
585 1975 680 2014 fixas
718 1983 756 2014 et
793 1976 834 2014 in
869 1982 1100 2027 perpetuum
1132 1982 1233 2016 ratas
1270 1983 1378 2027 putet
1410 1990 1496 2018 esse

245 2041 448 2090 oportere?

300 2109 373 2144 48.
418 2118 503 2155 133.
534 2105 586 2144 At
618 2106 657 2143 in
694 2106 822 2155 ipsum
856 2106 1045 2145 Habitum
1082 2106 1498 2147 animadverterunt.—

189 2187 231 2219 30
248 2170 403 2209 Nullam
429 2172 587 2222 quidem
613 2173 664 2209 ob
689 2172 975 2222 turpitudinem,
995 2172 1142 2210 nullum
1167 2173 1220 2212 ob
1244 2173 1361 2213 totius
1384 2174 1494 2223 vitae,

247 2248 327 2275 non
347 2237 472 2275 dicam
492 2237 635 2284 vitium,
651 2237 720 2275 sed
739 2244 915 2276 erratum.
961 2236 1099 2286 Neque
1119 2238 1222 2276 enim
1243 2238 1318 2277 hoc
1337 2238 1496 2278 homine

247 2301 425 2350 sanctior,
454 2313 580 2353 neque
607 2302 776 2352 probior,
805 2314 931 2355 neque
960 2302 1001 2341 in
1031 2303 1211 2342 omnibus
1241 2302 1375 2344 officiis
1405 2305 1494 2344 reti-
