1650 2554
284 136 337 183 82
624 145 676 182 M.
711 146 870 180 TULLII
899 147 1146 181 CICERONIS
1303 158 1357 183 σο.
1378 150 1532 183 20-22.

282 253 471 305 supplicio
496 253 632 305 dignas
660 254 883 294 iudicarent.
939 254 1074 305 Itaque
1103 253 1148 292 C.
1169 251 1396 302 Fabricium,
1417 266 1533 305 quem

281 327 439 370 propter
476 320 767 358 familiaritatem
805 320 1010 370 Oppianici
1049 318 1250 358 conscium
1287 319 1338 357 illi
1374 319 1533 358 facinori

281 385 397 424 fuisse
436 386 694 431 arbitrabatur,
725 397 833 423 reum
871 386 998 423 statim
1036 384 1147 423 fecit:
1185 385 1316 435 utique
1353 385 1387 422 ei
1423 385 1533 423 locus

282 450 429 499 primus
455 451 755 496 constitueretur,
775 458 932 501 propter
951 463 1088 489 causae
1118 451 1439 497 coniunctionem,
1461 450 1532 487 im·-

247 532 264 563 5
282 516 450 566 petravit.
507 515 584 554 Hic
622 522 703 554 tum
732 515 926 554 Fabricius
963 528 1045 554 non
1080 515 1200 555 modo
1237 516 1287 554 ad
1323 528 1386 554 me
1422 526 1533 553 meos

283 582 430 619 vicinos
459 587 496 619 et
525 581 682 627 amicos,
702 580 942 629 Aletrinates‚
969 593 1049 619 non
1080 581 1248 628 adduxit,
1277 581 1346 620 sed
1376 581 1458 631 ipse
1486 581 1532 619 iis

282 658 409 696 neque
430 646 694 685 defensoribus
719 647 774 684 uti
793 653 939 696 postea,
959 659 1085 697 neque
1111 647 1371 685 laudatoribus
1397 645 1531 696 potuit.

284 720 346 760 57.
368 711 469 749 Rem
507 712 610 749 enim
647 711 836 761 integram
874 712 1040 750 hominis
1077 724 1159 750 non
1196 712 1319 758 alieni,
1358 711 1533 761 quamvis

283 777 548 826 suspiciosam,
564 776 779 823 defendere,
799 777 1044 815 humanitatis
1064 789 1149 816 esse
1169 779 1413 827 putabamus:
1435 776 1532 815 iudi-

229 848 408 881 locatam
436 842 664 880 labefactare
694 843 837 889 conari,
857 843 1127 892 impudentiae.
1184 843 1319 893 Itaque
1348 849 1430 881 tum
1458 842 1532 889 ille,

282 908 415 957 inopia
434 914 471 945 et
490 908 716 946 necessitate
737 915 905 954 coactus,
926 909 965 946 in
992 921 1108 946 causa
1128 909 1316 947 eiusmodi
1336 908 1386 947 ad
1405 907 1532 958 Cepa-

283 974 361 1011 sios
380 973 512 1011 fratres
533 973 714 1023 confugit,
735 973 912 1012 homines
940 974 1158 1021 industrios,
1180 981 1294 1024 atque
1322 986 1370 1012 eo
1390 974 1530 1020 animo,

283 1045 325 1078 ut
362 1052 615 1090 quaecunque
646 1039 798 1077 dicendi
835 1045 1006 1090 potestas
1044 1046 1144 1078 esset
1180 1039 1279 1087 data,
1313 1039 1354 1079 in
1383 1039 1532 1078 honore

283 1112 397 1155 atque
416 1106 456 1143 in
474 1105 662 1143 beneficio
682 1111 880 1155 ponerent.

234 1187 271 1221 15
341 1175 403 1210 21.
432 1170 516 1208 Iam
543 1171 619 1208 hoc
644 1168 833 1222 [quoque]
853 1183 975 1220 prope
1003 1170 1238 1221 iniquissime
1269 1177 1533 1220 comparatum

285 1242 354 1284 est,
375 1236 481 1286 quod
499 1236 539 1273 in
567 1235 713 1274 morbis
743 1236 925 1285 corporis,
947 1241 988 1273 ut
1006 1237 1168 1286 quisque
1197 1242 1256 1274 est
1281 1235 1534 1281 difficillimus,

284 1303 337 1341 ita
373 1301 546 1339 medicus
583 1301 843 1339 nobilissimus
880 1307 994 1351 atque
1032 1301 1201 1350 optimus
1239 1301 1455 1351 quaeritur:
1493 1301 1534 1340 in

283 1366 460 1418 periculis
498 1366 644 1416 capitis,
678 1372 720 1404 ut
757 1378 931 1416 quaeque
969 1378 1084 1404 causa
1122 1366 1339 1405 difficillima
1375 1372 1444 1414 est,
1482 1366 1535 1405 ita
1564 1390 1566 1392 v

287 1433 511 1470 deterrimus
551 1432 921 1482 obscurissimusque
957 1438 1142 1481 patronus
1182 1431 1392 1470 adhibetur.
1470 1433 1532 1480 58.

233 1514 273 1536 20
288 1497 434 1536 Citatur
461 1509 572 1535 reus:
601 1497 726 1546 agitur
755 1508 890 1535 causa:
921 1497 1052 1546 paucis
1081 1497 1205 1535 verbis
1233 1502 1397 1542 accusat,
1416 1503 1459 1535 ut
1485 1496 1534 1535 de

286 1575 327 1601 re
356 1562 530 1608 iudicata,
558 1561 754 1600 Canutius.
813 1562 952 1611 Incipit
980 1561 1100 1611 longo
1129 1568 1167 1600 et
1195 1562 1268 1599 alte
1297 1562 1416 1611 petito
1446 1573 1535 1612 pro-

288 1627 416 1666 oemio
436 1627 669 1677 respondere
689 1627 811 1664 maior
828 1626 1026 1676 Cepasius.
1082 1626 1211 1664 Primo
1226 1632 1370 1664 attente
1386 1626 1536 1664 auditur

289 1693 369 1730 eius
385 1692 516 1730 oratio.
564 1692 744 1742 Erigebat
759 1692 930 1730 animum
946 1692 1022 1729 iam
1035 1691 1245 1730 demissum
1257 1697 1295 1730 et
1307 1702 1535 1741 oppressum

289 1757 539 1807 Oppianicus.
596 1757 799 1795 Gaudebat
818 1757 901 1807 ipse
920 1756 1127 1794 Fabricius.
1176 1756 1269 1795 Non
1288 1757 1535 1807 intelligebat,

239 1839 275 1871 25
292 1823 441 1860 animos
480 1823 659 1870 iudicum,
688 1834 768 1860 non
799 1822 896 1859 illius
934 1822 1164 1871 eloquentia,
1196 1821 1264 1860 sed
1301 1821 1536 1861 defensionis

287 1888 524 1938 impudentia
544 1887 787 1926 commoveri.
845 1887 1102 1936 Posteaquam
1119 1886 1170 1925 de
1189 1900 1231 1925 re
1252 1887 1379 1937 coepit
1398 1887 1534 1935 dicere,

288 1954 339 1992 ad
359 1966 414 2000 ea,
431 1966 529 2003 quae
549 1959 655 1991 erant
675 1953 713 1990 in
733 1965 860 1999 causa,
880 1952 1043 1991 addebat
1063 1953 1178 1991 etiam
1197 1954 1279 2002 ipse
1299 1964 1400 1991 nova
1419 1964 1536 2003 quae-

291 2019 381 2058 dam
425 2019 603 2057 vulnera:
649 2025 701 2065 ut,
741 2030 975 2069 quamquam
1017 2018 1150 2056 sedulo
1197 2017 1369 2063 faciebat,
1406 2023 1536 2057 tamen
1587 2022 1593 2028 '

291 2084 481 2123 interdum
527 2096 608 2123 non
646 2083 861 2129 defendere,
901 2083 968 2121 sed
1006 2082 1253 2132 praevaricari
1299 2083 1536 2121 accusationi

234 2166 277 2197 30
291 2150 488 2188 videretur.
545 2148 679 2198 Itaque
713 2161 831 2198 quum
865 2148 1105 2186 callidissime
1144 2159 1184 2185 se
1218 2147 1345 2186 dicere
1376 2154 1536 2198 putaret,

293 2224 330 2254 et
344 2227 462 2265 quum
481 2214 542 2252 illa
560 2214 675 2251 verba
694 2214 916 2263 gravissima
935 2225 982 2250 ex
1001 2213 1135 2250 intimo
1155 2212 1313 2250 artificio
1329 2212 1536 2263 depromp-

293 2280 427 2320 sisset:
456 2279 645 2329 Respicite,
666 2279 808 2326 iudices,
828 2279 1010 2317 hominum
1015 2277 1213 2329 fortunas,
1234 2278 1398 2327 respicite
1415 2277 1539 2317 dubios
