<?xml version="1.0" encoding="UTF-8"?>
<!DOCTYPE html PUBLIC "-//W3C//DTD XHTML 1.0 Transitional//EN"
    "http://www.w3.org/TR/xhtml1/DTD/xhtml1-transitional.dtd">
<html xmlns="http://www.w3.org/1999/xhtml" xml:lang="en" lang="en">
 <head>
  <title>
</title>
<meta http-equiv="Content-Type" content="text/html;charset=utf-8" />
  <meta name='ocr-system' content='tesseract 3.04.00' />
  <meta name='ocr-capabilities' content='ocr_page ocr_carea ocr_par ocr_line ocrx_word'/>
</head>
<body>
  <div class='ocr_page' id='page_1' title='image "./procluentiowithi00ciceuoft/procluentiowithi00ciceuoft_0149.png"; bbox 0 0 1650 2554; ppageno 0'>
   <div class='ocr_carea' id='block_1_1' title="bbox 0 0 75 2554">
    <p class='ocr_par' dir='ltr' id='par_1_1' title="bbox 0 0 75 2554">
     <span class='ocr_line' id='line_1_1' title="bbox 0 0 75 2554; baseline 0 0"><span class='ocrx_word' id='word_1_1' title='bbox 0 0 75 2554; x_wconf 95' lang='lat' dir='ltr'><strong> </strong></span> 
     </span>
    </p>
   </div>
   <div class='ocr_carea' id='block_1_2' title="bbox 170 166 1410 215">
    <p class='ocr_par' dir='ltr' id='par_1_2' title="bbox 170 166 1410 215">
     <span class='ocr_line' id='line_1_2' title="bbox 170 166 1410 215; baseline 0 -15"><span class='ocrx_word' id='word_1_2' title='bbox 170 168 210 208; x_wconf 66' lang='lat'><strong>⁵3</strong></span> <span class='ocrx_word' id='word_1_3' title='bbox 227 167 411 207; x_wconf 83' lang='lat'>181—185.</span> <span class='ocrx_word' id='word_1_4' title='bbox 468 166 645 199; x_wconf 76' lang='lat' dir='ltr'><em>ORATIO</em></span> <span class='ocrx_word' id='word_1_5' title='bbox 673 167 770 198; x_wconf 80' lang='lat' dir='ltr'><strong>PRO</strong></span> <span class='ocrx_word' id='word_1_6' title='bbox 797 167 844 200; x_wconf 78' lang='lat' dir='ltr'><strong>A.</strong></span> <span class='ocrx_word' id='word_1_7' title='bbox 873 166 1117 199; x_wconf 76' lang='lat' dir='ltr'><strong>eLUENrro.</strong></span> <span class='ocrx_word' id='word_1_8' title='bbox 1332 169 1410 215; x_wconf 85' lang='lat'><strong>137</strong></span> 
     </span>
    </p>
   </div>
   <div class='ocr_carea' id='block_1_3' title="bbox 163 273 1476 2337">
    <p class='ocr_par' dir='ltr' id='par_1_3' title="bbox 163 273 1476 2337">
     <span class='ocr_line' id='line_1_3' title="bbox 168 273 1412 324; baseline 0 -12"><span class='ocrx_word' id='word_1_9' title='bbox 168 274 322 321; x_wconf 87' lang='lat' dir='ltr'><strong>audent,</strong></span> <span class='ocrx_word' id='word_1_10' title='bbox 359 280 548 324; x_wconf 90' lang='lat' dir='ltr'><strong>quantum</strong></span> <span class='ocrx_word' id='word_1_11' title='bbox 584 274 824 323; x_wconf 88' lang='lat' dir='ltr'><strong>excogitant:</strong></span> <span class='ocrx_word' id='word_1_12' title='bbox 870 279 936 312; x_wconf 88' lang='lat' dir='ltr'><strong>aut</strong></span> <span class='ocrx_word' id='word_1_13' title='bbox 975 273 1026 311; x_wconf 88' lang='lat' dir='ltr'><strong>illi</strong></span> <span class='ocrx_word' id='word_1_14' title='bbox 1063 285 1229 323; x_wconf 86' lang='lat' dir='ltr'><strong>quorum</strong></span> <span class='ocrx_word' id='word_1_15' title='bbox 1270 274 1412 312; x_wconf 91' lang='lat' dir='ltr'><strong>eminet</strong></span> 
     </span>
     <span class='ocr_line' id='line_1_4' title="bbox 167 338 1410 389; baseline -0.001 -12"><span class='ocrx_word' id='word_1_16' title='bbox 167 339 326 377; x_wconf 90' lang='lat' dir='ltr'><strong>audacia</strong></span> <span class='ocrx_word' id='word_1_17' title='bbox 345 346 459 389; x_wconf 88' lang='lat' dir='ltr'><strong>atque</strong></span> <span class='ocrx_word' id='word_1_18' title='bbox 478 339 650 389; x_wconf 90' lang='lat' dir='ltr'><strong>proiecta</strong></span> <span class='ocrx_word' id='word_1_19' title='bbox 667 345 736 385; x_wconf 90' lang='lat' dir='ltr'><strong>est,</strong></span> <span class='ocrx_word' id='word_1_20' title='bbox 757 350 780 376; x_wconf 91' lang='lat' dir='ltr'><strong>a</strong></span> <span class='ocrx_word' id='word_1_21' title='bbox 798 338 965 376; x_wconf 91' lang='lat' dir='ltr'><strong>consiliis</strong></span> <span class='ocrx_word' id='word_1_22' title='bbox 990 338 1155 376; x_wconf 88' lang='lat' dir='ltr'>malitiae</span> <span class='ocrx_word' id='word_1_23' title='bbox 1175 338 1410 376; x_wconf 85' lang='lat' dir='ltr'><strong>deseruntur.</strong></span> 
     </span>
     <span class='ocr_line' id='line_1_5' title="bbox 167 403 1409 452; baseline -0.001 -10"><span class='ocrx_word' id='word_1_24' title='bbox 167 403 287 452; x_wconf 90' lang='lat' dir='ltr'><strong>Quod</strong></span> <span class='ocrx_word' id='word_1_25' title='bbox 314 405 346 442; x_wconf 93' lang='lat' dir='ltr'><strong>si</strong></span> <span class='ocrx_word' id='word_1_26' title='bbox 373 410 439 442; x_wconf 88' lang='lat' dir='ltr'><strong>aut</strong></span> <span class='ocrx_word' id='word_1_27' title='bbox 466 404 668 442; x_wconf 90' lang='lat' dir='ltr'><strong>confidens</strong></span> <span class='ocrx_word' id='word_1_28' title='bbox 696 403 842 449; x_wconf 85' lang='lat' dir='ltr'><strong>astutia,</strong></span> <span class='ocrx_word' id='word_1_29' title='bbox 863 409 927 441; x_wconf 85' lang='lat' dir='ltr'><strong>aut</strong></span> <span class='ocrx_word' id='word_1_30' title='bbox 952 403 1087 441; x_wconf 86' lang='lat' dir='ltr'><strong>callida</strong></span> <span class='ocrx_word' id='word_1_31' title='bbox 1112 409 1213 441; x_wconf 89' lang='lat' dir='ltr'><strong>esset</strong></span> <span class='ocrx_word' id='word_1_32' title='bbox 1238 403 1409 451; x_wconf 89' lang='lat' dir='ltr'><strong>audacia,</strong></span> 
     </span>
     <span class='ocr_line' id='line_1_6' title="bbox 165 467 1410 519; baseline 0 -13"><span class='ocrx_word' id='word_1_33' title='bbox 165 470 227 507; x_wconf 86' lang='lat' dir='ltr'><strong>vix</strong></span> <span class='ocrx_word' id='word_1_34' title='bbox 245 469 324 507; x_wconf 90' lang='lat' dir='ltr'><strong>ullo</strong></span> <span class='ocrx_word' id='word_1_35' title='bbox 349 469 481 508; x_wconf 87' lang='lat' dir='ltr'>obsisti</span> <span class='ocrx_word' id='word_1_36' title='bbox 506 470 625 507; x_wconf 90' lang='lat' dir='ltr'><strong>modo</strong></span> <span class='ocrx_word' id='word_1_37' title='bbox 651 475 793 519; x_wconf 91' lang='lat' dir='ltr'><strong>posset.</strong></span> <span class='ocrx_word' id='word_1_38' title='bbox 849 467 988 506; x_wconf 90' lang='lat' dir='ltr'><strong>Utrum</strong></span> <span class='ocrx_word' id='word_1_39' title='bbox 1007 468 1148 506; x_wconf 89' lang='lat' dir='ltr'><strong>furtum</strong></span> <span class='ocrx_word' id='word_1_40' title='bbox 1167 468 1310 506; x_wconf 87' lang='lat' dir='ltr'><strong>facturn</strong></span> <span class='ocrx_word' id='word_1_41' title='bbox 1330 481 1410 507; x_wconf 90' lang='lat' dir='ltr'><strong>non</strong></span> 
     </span>
     <span class='ocr_line' id='line_1_7' title="bbox 166 532 1444 581; baseline -0.001 -8"><span class='ocrx_word' id='word_1_42' title='bbox 166 536 249 573; x_wconf 88' lang='lat' dir='ltr'><strong>est?</strong></span> <span class='ocrx_word' id='word_1_43' title='bbox 304 535 356 572; x_wconf 85' lang='lat' dir='ltr'><strong>At</strong></span> <span class='ocrx_word' id='word_1_44' title='bbox 378 534 472 572; x_wconf 89' lang='lat' dir='ltr'>nihil</span> <span class='ocrx_word' id='word_1_45' title='bbox 496 534 631 573; x_wconf 91' lang='lat' dir='ltr'><strong>clarius</strong></span> <span class='ocrx_word' id='word_1_46' title='bbox 650 534 779 572; x_wconf 89' lang='lat' dir='ltr'><strong>Larini</strong></span> <span class='ocrx_word' id='word_1_47' title='bbox 801 533 879 572; x_wconf 85' lang='lat' dir='ltr'><strong>fuit.</strong></span> <span class='ocrx_word' id='word_1_48' title='bbox 935 533 1000 571; x_wconf 90' lang='lat' dir='ltr'><strong>An</strong></span> <span class='ocrx_word' id='word_1_49' title='bbox 1019 532 1070 570; x_wconf 92' lang='lat' dir='ltr'><strong>ad</strong></span> <span class='ocrx_word' id='word_1_50' title='bbox 1090 532 1307 571; x_wconf 85' lang='lat' dir='ltr'><strong>Stratonem</strong></span> <span class='ocrx_word' id='word_1_51' title='bbox 1327 545 1410 572; x_wconf 90' lang='lat' dir='ltr'><strong>sus·</strong></span> <span class='ocrx_word' id='word_1_52' title='bbox 1426 549 1444 581; x_wconf 83' lang='lat'><em>5</em></span> 
     </span>
     <span class='ocr_line' id='line_1_8' title="bbox 165 598 1410 650; baseline -0.001 -13"><span class='ocrx_word' id='word_1_53' title='bbox 165 600 266 650; x_wconf 88' lang='lat' dir='ltr'><strong>picio</strong></span> <span class='ocrx_word' id='word_1_54' title='bbox 293 611 373 637; x_wconf 90' lang='lat' dir='ltr'><strong>non</strong></span> <span class='ocrx_word' id='word_1_55' title='bbox 400 600 606 649; x_wconf 87' lang='lat' dir='ltr'><strong>pertinuit?</strong></span> <span class='ocrx_word' id='word_1_56' title='bbox 660 599 716 637; x_wconf 90' lang='lat' dir='ltr'><strong>At</strong></span> <span class='ocrx_word' id='word_1_57' title='bbox 742 599 775 636; x_wconf 94' lang='lat' dir='ltr'><strong>is</strong></span> <span class='ocrx_word' id='word_1_58' title='bbox 801 605 838 636; x_wconf 90' lang='lat' dir='ltr'><strong>et</strong></span> <span class='ocrx_word' id='word_1_59' title='bbox 865 610 913 636; x_wconf 85' lang='lat' dir='ltr'><strong>ex</strong></span> <span class='ocrx_word' id='word_1_60' title='bbox 939 598 1078 636; x_wconf 91' lang='lat' dir='ltr'><strong>serrula</strong></span> <span class='ocrx_word' id='word_1_61' title='bbox 1102 598 1351 644; x_wconf 87' lang='lat' dir='ltr'><strong>insimulatus,</strong></span> <span class='ocrx_word' id='word_1_62' title='bbox 1373 606 1410 636; x_wconf 89' lang='lat' dir='ltr'><strong>et</strong></span> 
     </span>
     <span class='ocr_line' id='line_1_9' title="bbox 165 663 1411 714; baseline -0.001 -12"><span class='ocrx_word' id='word_1_63' title='bbox 165 677 189 703; x_wconf 89' lang='lat' dir='ltr'><strong>a</strong></span> <span class='ocrx_word' id='word_1_64' title='bbox 211 677 332 714; x_wconf 91' lang='lat' dir='ltr'><strong>puero</strong></span> <span class='ocrx_word' id='word_1_65' title='bbox 358 665 515 702; x_wconf 90' lang='lat' dir='ltr'><strong>conscio</strong></span> <span class='ocrx_word' id='word_1_66' title='bbox 542 670 599 702; x_wconf 92' lang='lat' dir='ltr'><strong>est</strong></span> <span class='ocrx_word' id='word_1_67' title='bbox 624 664 823 702; x_wconf 90' lang='lat' dir='ltr'><strong>indicatus.</strong></span> <span class='ocrx_word' id='word_1_68' title='bbox 879 663 944 700; x_wconf 93' lang='lat' dir='ltr'><strong>An</strong></span> <span class='ocrx_word' id='word_1_69' title='bbox 968 663 1007 701; x_wconf 90' lang='lat' dir='ltr'><strong>id</strong></span> <span class='ocrx_word' id='word_1_70' title='bbox 1034 669 1161 701; x_wconf 89' lang='lat' dir='ltr'><strong>actum</strong></span> <span class='ocrx_word' id='word_1_71' title='bbox 1185 676 1266 702; x_wconf 90' lang='lat' dir='ltr'><strong>non</strong></span> <span class='ocrx_word' id='word_1_72' title='bbox 1291 669 1348 702; x_wconf 90' lang='lat' dir='ltr'><strong>est</strong></span> <span class='ocrx_word' id='word_1_73' title='bbox 1371 665 1411 701; x_wconf 91' lang='lat' dir='ltr'><strong>in</strong></span> 
     </span>
     <span class='ocr_line' id='line_1_10' title="bbox 165 728 1410 780; baseline -0.002 -13"><span class='ocrx_word' id='word_1_74' title='bbox 165 729 411 780; x_wconf 85' lang='lat' dir='ltr'><strong>quaerendo?</strong></span> <span class='ocrx_word' id='word_1_75' title='bbox 468 729 579 776; x_wconf 88' lang='lat' dir='ltr'><strong>Quae</strong></span> <span class='ocrx_word' id='word_1_76' title='bbox 598 729 667 767; x_wconf 86' lang='lat' dir='ltr'><strong>fuit</strong></span> <span class='ocrx_word' id='word_1_77' title='bbox 685 729 758 766; x_wconf 87' lang='lat' dir='ltr'><strong>alia</strong></span> <span class='ocrx_word' id='word_1_78' title='bbox 776 729 889 777; x_wconf 89' lang='lat' dir='ltr'><strong>igitur</strong></span> <span class='ocrx_word' id='word_1_79' title='bbox 908 740 1024 766; x_wconf 89' lang='lat' dir='ltr'><strong>causa</strong></span> <span class='ocrx_word' id='word_1_80' title='bbox 1043 728 1277 778; x_wconf 87' lang='lat' dir='ltr'><strong>quaerendi?</strong></span> <span class='ocrx_word' id='word_1_81' title='bbox 1333 728 1410 772; x_wconf 91' lang='lat' dir='ltr'><strong>An,</strong></span> 
     </span>
     <span class='ocr_line' id='line_1_11' title="bbox 163 792 1409 844; baseline 0 -12"><span class='ocrx_word' id='word_1_82' title='bbox 163 794 204 832; x_wconf 92' lang='lat' dir='ltr'><strong>id</strong></span> <span class='ocrx_word' id='word_1_83' title='bbox 231 794 338 844; x_wconf 91' lang='lat' dir='ltr'><strong>quod</strong></span> <span class='ocrx_word' id='word_1_84' title='bbox 365 794 571 832; x_wconf 92' lang='lat' dir='ltr'><strong>dicendum</strong></span> <span class='ocrx_word' id='word_1_85' title='bbox 598 795 707 832; x_wconf 93' lang='lat' dir='ltr'><strong>vobis</strong></span> <span class='ocrx_word' id='word_1_86' title='bbox 735 800 802 840; x_wconf 92' lang='lat' dir='ltr'><strong>est,</strong></span> <span class='ocrx_word' id='word_1_87' title='bbox 832 800 869 831; x_wconf 92' lang='lat' dir='ltr'><strong>et</strong></span> <span class='ocrx_word' id='word_1_88' title='bbox 896 793 1003 843; x_wconf 89' lang='lat' dir='ltr'><strong>quod</strong></span> <span class='ocrx_word' id='word_1_89' title='bbox 1034 799 1116 830; x_wconf 91' lang='lat' dir='ltr'><strong>tum</strong></span> <span class='ocrx_word' id='word_1_90' title='bbox 1145 792 1273 831; x_wconf 87' lang='lat' dir='ltr'><strong>Sassia</strong></span> <span class='ocrx_word' id='word_1_91' title='bbox 1301 793 1409 832; x_wconf 90' lang='lat' dir='ltr'><strong>dicti-</strong></span> 
     </span>
     <span class='ocr_line' id='line_1_12' title="bbox 163 857 1468 909; baseline 0.001 -13"><span class='ocrx_word' id='word_1_92' title='bbox 163 860 279 905; x_wconf 84' lang='lat' dir='ltr'><strong>tabat,</strong></span> <span class='ocrx_word' id='word_1_93' title='bbox 306 871 426 909; x_wconf 91' lang='lat' dir='ltr'><strong>quum</strong></span> <span class='ocrx_word' id='word_1_94' title='bbox 454 859 502 897; x_wconf 93' lang='lat' dir='ltr'><strong>de</strong></span> <span class='ocrx_word' id='word_1_95' title='bbox 529 859 630 897; x_wconf 85' lang='lat' dir='ltr'><strong>furto</strong></span> <span class='ocrx_word' id='word_1_96' title='bbox 658 865 911 909; x_wconf 87' lang='lat' dir='ltr'><strong>quaereretur,</strong></span> <span class='ocrx_word' id='word_1_97' title='bbox 941 864 1023 896; x_wconf 89' lang='lat' dir='ltr'><strong>tum</strong></span> <span class='ocrx_word' id='word_1_98' title='bbox 1053 857 1177 896; x_wconf 84' lang='lat' dir='ltr'><strong>Strato</strong></span> <span class='ocrx_word' id='word_1_99' title='bbox 1205 858 1342 896; x_wconf 89' lang='lat' dir='ltr'><strong>iisdem</strong></span> <span class='ocrx_word' id='word_1_100' title='bbox 1370 859 1410 896; x_wconf 92' lang='lat' dir='ltr'><strong>in</strong></span> <span class='ocrx_word' id='word_1_101' title='bbox 1429 875 1468 897; x_wconf 83' lang='grc' dir='ltr'><strong>ιο</strong></span> 
     </span>
     <span class='ocr_line' id='line_1_13' title="bbox 165 922 1410 975; baseline 0.001 -14"><span class='ocrx_word' id='word_1_102' title='bbox 165 924 363 962; x_wconf 87' lang='lat' dir='ltr'><strong>tormentis</strong></span> <span class='ocrx_word' id='word_1_103' title='bbox 383 924 478 961; x_wconf 87' lang='lat' dir='ltr'><strong>dixit</strong></span> <span class='ocrx_word' id='word_1_104' title='bbox 498 923 545 962; x_wconf 92' lang='lat' dir='ltr'><strong>de</strong></span> <span class='ocrx_word' id='word_1_105' title='bbox 564 925 741 962; x_wconf 84' lang='lat' dir='ltr'><strong>veneno?</strong></span> <span class='ocrx_word' id='word_1_106' title='bbox 801 925 885 970; x_wconf 91' lang='lat'>184.</span> <span class='ocrx_word' id='word_1_107' title='bbox 916 922 977 960; x_wconf 92' lang='lat' dir='ltr'><strong>En</strong></span> <span class='ocrx_word' id='word_1_108' title='bbox 1002 922 1077 960; x_wconf 93' lang='lat' dir='ltr'><strong>hoc</strong></span> <span class='ocrx_word' id='word_1_109' title='bbox 1103 923 1195 961; x_wconf 94' lang='lat' dir='ltr'><strong>illud</strong></span> <span class='ocrx_word' id='word_1_110' title='bbox 1214 930 1283 971; x_wconf 93' lang='lat' dir='ltr'><strong>est,</strong></span> <span class='ocrx_word' id='word_1_111' title='bbox 1304 925 1410 975; x_wconf 93' lang='lat' dir='ltr'><strong>quod</strong></span> 
     </span>
     <span class='ocr_line' id='line_1_14' title="bbox 165 988 1410 1028; baseline 0.002 -2"><span class='ocrx_word' id='word_1_112' title='bbox 165 995 254 1027; x_wconf 87' lang='lat' dir='ltr'><strong>ante</strong></span> <span class='ocrx_word' id='word_1_113' title='bbox 283 990 383 1027; x_wconf 84' lang='lat' dir='ltr'><strong>dixi:</strong></span> <span class='ocrx_word' id='word_1_114' title='bbox 421 989 556 1026; x_wconf 90' lang='lat' dir='ltr'><strong>mulier</strong></span> <span class='ocrx_word' id='word_1_115' title='bbox 588 988 759 1027; x_wconf 85' lang='lat' dir='ltr'><strong>abundat</strong></span> <span class='ocrx_word' id='word_1_116' title='bbox 787 988 967 1027; x_wconf 87' lang='lat' dir='ltr'><strong>audacia:</strong></span> <span class='ocrx_word' id='word_1_117' title='bbox 1007 988 1170 1026; x_wconf 92' lang='lat' dir='ltr'><strong>consilio</strong></span> <span class='ocrx_word' id='word_1_118' title='bbox 1199 997 1237 1026; x_wconf 93' lang='lat' dir='ltr'><strong>et</strong></span> <span class='ocrx_word' id='word_1_119' title='bbox 1264 990 1410 1028; x_wconf 88' lang='lat' dir='ltr'><strong>ratione</strong></span> 
     </span>
     <span class='ocr_line' id='line_1_15' title="bbox 164 1053 1409 1104; baseline 0.001 -12"><span class='ocrx_word' id='word_1_120' title='bbox 164 1053 348 1092; x_wconf 87' lang='lat' dir='ltr'><strong>deficitur.</strong></span> <span class='ocrx_word' id='word_1_121' title='bbox 409 1053 512 1092; x_wconf 87' lang='lat' dir='ltr'><strong>Nam</strong></span> <span class='ocrx_word' id='word_1_122' title='bbox 539 1054 699 1092; x_wconf 88' lang='lat' dir='ltr'><strong>tabellae</strong></span> <span class='ocrx_word' id='word_1_123' title='bbox 728 1053 962 1104; x_wconf 89' lang='lat' dir='ltr'><strong>quaestionis</strong></span> <span class='ocrx_word' id='word_1_124' title='bbox 995 1054 1124 1104; x_wconf 89' lang='lat' dir='ltr'><strong>plures</strong></span> <span class='ocrx_word' id='word_1_125' title='bbox 1155 1054 1409 1103; x_wconf 90' lang='lat' dir='ltr'><strong>proferuntur,</strong></span> 
     </span>
     <span class='ocr_line' id='line_1_16' title="bbox 165 1118 1409 1169; baseline 0.001 -12"><span class='ocrx_word' id='word_1_126' title='bbox 165 1131 264 1168; x_wconf 88' lang='lat' dir='ltr'><strong>quae</strong></span> <span class='ocrx_word' id='word_1_127' title='bbox 289 1119 467 1157; x_wconf 88' lang='lat' dir='ltr'><strong>recitatae</strong></span> <span class='ocrx_word' id='word_1_128' title='bbox 493 1120 679 1169; x_wconf 91' lang='lat' dir='ltr'><strong>vobisque</strong></span> <span class='ocrx_word' id='word_1_129' title='bbox 705 1119 828 1157; x_wconf 89' lang='lat' dir='ltr'><strong>editae</strong></span> <span class='ocrx_word' id='word_1_130' title='bbox 848 1124 947 1164; x_wconf 91' lang='lat' dir='ltr'><strong>sunt,</strong></span> <span class='ocrx_word' id='word_1_131' title='bbox 968 1118 1053 1156; x_wconf 89' lang='lat' dir='ltr'><strong>illae</strong></span> <span class='ocrx_word' id='word_1_132' title='bbox 1073 1119 1191 1168; x_wconf 89' lang='lat' dir='ltr'><strong>ipsae,</strong></span> <span class='ocrx_word' id='word_1_133' title='bbox 1213 1131 1308 1169; x_wconf 90' lang='lat' dir='ltr'><strong>quas</strong></span> <span class='ocrx_word' id='word_1_134' title='bbox 1327 1126 1409 1158; x_wconf 89' lang='lat' dir='ltr'><strong>tum</strong></span> 
     </span>
     <span class='ocr_line' id='line_1_17' title="bbox 164 1183 1465 1234; baseline 0.002 -13"><span class='ocrx_word' id='word_1_135' title='bbox 164 1184 385 1234; x_wconf 84' lang='lat' dir='ltr'><strong>obsignatas</strong></span> <span class='ocrx_word' id='word_1_136' title='bbox 414 1196 498 1222; x_wconf 90' lang='lat' dir='ltr'><strong>esse</strong></span> <span class='ocrx_word' id='word_1_137' title='bbox 527 1184 641 1222; x_wconf 89' lang='lat' dir='ltr'><strong>dixit:</strong></span> <span class='ocrx_word' id='word_1_138' title='bbox 679 1184 719 1221; x_wconf 91' lang='lat' dir='ltr'><strong>in</strong></span> <span class='ocrx_word' id='word_1_139' title='bbox 747 1184 885 1233; x_wconf 92' lang='lat' dir='ltr'><strong>quibus</strong></span> <span class='ocrx_word' id='word_1_140' title='bbox 920 1183 1066 1221; x_wconf 89' lang='lat' dir='ltr'><strong>tabellis</strong></span> <span class='ocrx_word' id='word_1_141' title='bbox 1095 1183 1143 1221; x_wconf 92' lang='lat' dir='ltr'><strong>de</strong></span> <span class='ocrx_word' id='word_1_142' title='bbox 1172 1183 1273 1222; x_wconf 86' lang='lat' dir='ltr'><strong>furto</strong></span> <span class='ocrx_word' id='word_1_143' title='bbox 1304 1184 1411 1222; x_wconf 85' lang='lat' dir='ltr'><strong>litera</strong></span> <span class='ocrx_word' id='word_1_144' title='bbox 1429 1201 1465 1233; x_wconf 88' lang='lat'><strong>¹5</strong></span> 
     </span>
     <span class='ocr_line' id='line_1_18' title="bbox 163 1248 1410 1297; baseline 0.001 -11"><span class='ocrx_word' id='word_1_145' title='bbox 163 1248 267 1287; x_wconf 88' lang='lat' dir='ltr'><strong>nulla</strong></span> <span class='ocrx_word' id='word_1_146' title='bbox 290 1249 489 1286; x_wconf 90' lang='lat' dir='ltr'><strong>invenitur.</strong></span> <span class='ocrx_word' id='word_1_147' title='bbox 546 1248 640 1286; x_wconf 91' lang='lat' dir='ltr'><strong>Non</strong></span> <span class='ocrx_word' id='word_1_148' title='bbox 667 1249 770 1286; x_wconf 88' lang='lat' dir='ltr'><strong>venit</strong></span> <span class='ocrx_word' id='word_1_149' title='bbox 797 1249 838 1285; x_wconf 90' lang='lat' dir='ltr'><strong>in</strong></span> <span class='ocrx_word' id='word_1_150' title='bbox 865 1254 1047 1294; x_wconf 88' lang='lat' dir='ltr'><strong>mentem,</strong></span> <span class='ocrx_word' id='word_1_151' title='bbox 1076 1248 1242 1297; x_wconf 89' lang='lat' dir='ltr'><strong>primum</strong></span> <span class='ocrx_word' id='word_1_152' title='bbox 1270 1250 1410 1287; x_wconf 88' lang='lat' dir='ltr'><strong>oratio-</strong></span> 
     </span>
     <span class='ocr_line' id='line_1_19' title="bbox 164 1311 1410 1364; baseline 0.002 -14"><span class='ocrx_word' id='word_1_153' title='bbox 164 1325 254 1350; x_wconf 90' lang='lat' dir='ltr'><strong>nem</strong></span> <span class='ocrx_word' id='word_1_154' title='bbox 274 1311 460 1351; x_wconf 89' lang='lat' dir='ltr'><strong>Stratonis</strong></span> <span class='ocrx_word' id='word_1_155' title='bbox 479 1313 720 1351; x_wconf 86' lang='lat' dir='ltr'><strong>conscribere</strong></span> <span class='ocrx_word' id='word_1_156' title='bbox 740 1314 787 1351; x_wconf 90' lang='lat' dir='ltr'><strong>de</strong></span> <span class='ocrx_word' id='word_1_157' title='bbox 807 1312 918 1358; x_wconf 89' lang='lat' dir='ltr'><strong>furto,</strong></span> <span class='ocrx_word' id='word_1_158' title='bbox 935 1319 1023 1362; x_wconf 92' lang='lat' dir='ltr'><strong>post</strong></span> <span class='ocrx_word' id='word_1_159' title='bbox 1041 1312 1183 1362; x_wconf 91' lang='lat' dir='ltr'><strong>aliquid</strong></span> <span class='ocrx_word' id='word_1_160' title='bbox 1202 1314 1410 1364; x_wconf 88' lang='lat' dir='ltr'><strong>adiungere</strong></span> 
     </span>
     <span class='ocr_line' id='line_1_20' title="bbox 163 1377 1410 1428; baseline 0.002 -12"><span class='ocrx_word' id='word_1_161' title='bbox 163 1378 307 1416; x_wconf 89' lang='lat' dir='ltr'><strong>dictum</strong></span> <span class='ocrx_word' id='word_1_162' title='bbox 340 1378 388 1416; x_wconf 91' lang='lat' dir='ltr'><strong>de</strong></span> <span class='ocrx_word' id='word_1_163' title='bbox 421 1390 584 1424; x_wconf 89' lang='lat' dir='ltr'><strong>veneno,</strong></span> <span class='ocrx_word' id='word_1_164' title='bbox 612 1378 718 1428; x_wconf 92' lang='lat' dir='ltr'><strong>quod</strong></span> <span class='ocrx_word' id='word_1_165' title='bbox 750 1390 830 1415; x_wconf 94' lang='lat' dir='ltr'><strong>non</strong></span> <span class='ocrx_word' id='word_1_166' title='bbox 861 1377 1149 1427; x_wconf 85' lang='lat' dir='ltr'><strong>percontatione</strong></span> <span class='ocrx_word' id='word_1_167' title='bbox 1182 1380 1410 1428; x_wconf 88' lang='lat' dir='ltr'><strong>quaesitum,</strong></span> 
     </span>
     <span class='ocr_line' id='line_1_21' title="bbox 163 1441 1409 1492; baseline 0 -10"><span class='ocrx_word' id='word_1_168' title='bbox 163 1442 234 1482; x_wconf 78' lang='lat' dir='ltr'><strong>sed</strong></span> <span class='ocrx_word' id='word_1_169' title='bbox 260 1443 394 1481; x_wconf 89' lang='lat' dir='ltr'><strong>dolore</strong></span> <span class='ocrx_word' id='word_1_170' title='bbox 421 1454 645 1492; x_wconf 88' lang='lat' dir='ltr'><strong>expressum</strong></span> <span class='ocrx_word' id='word_1_171' title='bbox 668 1442 867 1480; x_wconf 91' lang='lat' dir='ltr'><strong>videretur.</strong></span> <span class='ocrx_word' id='word_1_172' title='bbox 924 1441 1110 1488; x_wconf 87' lang='lat' dir='ltr'><strong>Quaestio</strong></span> <span class='ocrx_word' id='word_1_173' title='bbox 1137 1442 1185 1480; x_wconf 89' lang='lat' dir='ltr'><strong>de</strong></span> <span class='ocrx_word' id='word_1_174' title='bbox 1214 1443 1313 1482; x_wconf 88' lang='lat' dir='ltr'><strong>furto</strong></span> <span class='ocrx_word' id='word_1_175' title='bbox 1341 1451 1409 1491; x_wconf 93' lang='lat' dir='ltr'><strong>est,</strong></span> 
     </span>
     <span class='ocr_line' id='line_1_22' title="bbox 164 1507 1467 1558; baseline 0.002 -13"><span class='ocrx_word' id='word_1_176' title='bbox 164 1508 301 1545; x_wconf 90' lang='lat' dir='ltr'><strong>veneni</strong></span> <span class='ocrx_word' id='word_1_177' title='bbox 342 1508 418 1545; x_wconf 90' lang='lat' dir='ltr'><strong>iarn</strong></span> <span class='ocrx_word' id='word_1_178' title='bbox 461 1507 690 1557; x_wconf 90' lang='lat' dir='ltr'><strong>suspicione,</strong></span> <span class='ocrx_word' id='word_1_179' title='bbox 729 1507 922 1556; x_wconf 89' lang='lat' dir='ltr'><strong>superiore</strong></span> <span class='ocrx_word' id='word_1_180' title='bbox 960 1507 1197 1556; x_wconf 89' lang='lat' dir='ltr'><strong>quaestione,</strong></span> <span class='ocrx_word' id='word_1_181' title='bbox 1236 1509 1407 1558; x_wconf 82' lang='lat' dir='ltr'><strong>sublata3</strong></span> <span class='ocrx_word' id='word_1_182' title='bbox 1424 1525 1467 1548; x_wconf 84' lang='lat'><strong>20</strong></span> 
     </span>
     <span class='ocr_line' id='line_1_23' title="bbox 165 1571 1410 1623; baseline 0.002 -13"><span class='ocrx_word' id='word_1_183' title='bbox 165 1572 272 1622; x_wconf 93' lang='lat' dir='ltr'><strong>quod</strong></span> <span class='ocrx_word' id='word_1_184' title='bbox 308 1572 437 1622; x_wconf 82' lang='lat' dir='ltr'><strong>ipsum</strong></span> <span class='ocrx_word' id='word_1_185' title='bbox 484 1572 580 1610; x_wconf 89' lang='lat' dir='ltr'><strong>haec</strong></span> <span class='ocrx_word' id='word_1_186' title='bbox 622 1572 758 1610; x_wconf 87' lang='lat' dir='ltr'><strong>eadem</strong></span> <span class='ocrx_word' id='word_1_187' title='bbox 804 1571 939 1609; x_wconf 89' lang='lat' dir='ltr'><strong>mulier</strong></span> <span class='ocrx_word' id='word_1_188' title='bbox 981 1572 1186 1611; x_wconf 84' lang='lat' dir='ltr'><strong>iudicarat:</strong></span> <span class='ocrx_word' id='word_1_189' title='bbox 1233 1585 1332 1623; x_wconf 88' lang='lat' dir='ltr'><strong>quae</strong></span> <span class='ocrx_word' id='word_1_190' title='bbox 1368 1581 1410 1613; x_wconf 93' lang='lat' dir='ltr'><strong>ut</strong></span> 
     </span>
     <span class='ocr_line' id='line_1_24' title="bbox 163 1637 1409 1689; baseline 0.003 -15"><span class='ocrx_word' id='word_1_191' title='bbox 163 1637 314 1675; x_wconf 90' lang='lat' dir='ltr'><strong>Romae</strong></span> <span class='ocrx_word' id='word_1_192' title='bbox 342 1637 390 1674; x_wconf 90' lang='lat' dir='ltr'><strong>de</strong></span> <span class='ocrx_word' id='word_1_193' title='bbox 415 1637 627 1675; x_wconf 89' lang='lat' dir='ltr'><strong>amicorum</strong></span> <span class='ocrx_word' id='word_1_194' title='bbox 651 1637 837 1675; x_wconf 89' lang='lat' dir='ltr'><strong>sententia</strong></span> <span class='ocrx_word' id='word_1_195' title='bbox 860 1643 1040 1675; x_wconf 87' lang='lat' dir='ltr'><strong>statuerat</strong></span> <span class='ocrx_word' id='word_1_196' title='bbox 1066 1637 1156 1676; x_wconf 90' lang='lat' dir='ltr'><strong>satis</strong></span> <span class='ocrx_word' id='word_1_197' title='bbox 1181 1650 1267 1677; x_wconf 90' lang='lat' dir='ltr'><strong>esse</strong></span> <span class='ocrx_word' id='word_1_198' title='bbox 1292 1651 1409 1689; x_wconf 88' lang='lat' dir='ltr'><strong>quae-</strong></span> 
     </span>
     <span class='ocr_line' id='line_1_25' title="bbox 163 1701 1409 1751; baseline 0.003 -12"><span class='ocrx_word' id='word_1_199' title='bbox 163 1702 288 1745; x_wconf 86' lang='lat' dir='ltr'><strong>situm,</strong></span> <span class='ocrx_word' id='word_1_200' title='bbox 319 1707 455 1751; x_wconf 89' lang='lat' dir='ltr'><strong>postea</strong></span> <span class='ocrx_word' id='word_1_201' title='bbox 482 1713 551 1751; x_wconf 90' lang='lat' dir='ltr'><strong>per</strong></span> <span class='ocrx_word' id='word_1_202' title='bbox 578 1702 783 1739; x_wconf 89' lang='lat' dir='ltr'><strong>triennium</strong></span> <span class='ocrx_word' id='word_1_203' title='bbox 812 1701 979 1739; x_wconf 87' lang='lat' dir='ltr'><strong>maxime</strong></span> <span class='ocrx_word' id='word_1_204' title='bbox 1008 1714 1055 1740; x_wconf 90' lang='lat' dir='ltr'><strong>ex</strong></span> <span class='ocrx_word' id='word_1_205' title='bbox 1084 1703 1264 1741; x_wconf 88' lang='lat' dir='ltr'><strong>omnibus</strong></span> <span class='ocrx_word' id='word_1_206' title='bbox 1293 1705 1409 1744; x_wconf 90' lang='lat' dir='ltr'><strong>servis</strong></span> 
     </span>
     <span class='ocr_line' id='line_1_26' title="bbox 164 1765 1408 1814; baseline 0.002 -10"><span class='ocrx_word' id='word_1_207' title='bbox 164 1765 382 1804; x_wconf 87' lang='lat' dir='ltr'><strong>Stratonem</strong></span> <span class='ocrx_word' id='word_1_208' title='bbox 402 1767 506 1804; x_wconf 87' lang='lat' dir='ltr'><strong>illum</strong></span> <span class='ocrx_word' id='word_1_209' title='bbox 526 1767 721 1814; x_wconf 87' lang='lat' dir='ltr'><strong>dilexerat,</strong></span> <span class='ocrx_word' id='word_1_210' title='bbox 740 1768 779 1804; x_wconf 89' lang='lat' dir='ltr'><strong>in</strong></span> <span class='ocrx_word' id='word_1_211' title='bbox 805 1767 952 1804; x_wconf 89' lang='lat' dir='ltr'><strong>honore</strong></span> <span class='ocrx_word' id='word_1_212' title='bbox 978 1767 1172 1811; x_wconf 90' lang='lat' dir='ltr'><strong>habuerat,</strong></span> <span class='ocrx_word' id='word_1_213' title='bbox 1193 1769 1408 1807; x_wconf 89' lang='lat' dir='ltr'><strong>commodis</strong></span> 
     </span>
     <span class='ocr_line' id='line_1_27' title="bbox 163 1831 1462 1883; baseline 0.004 -15"><span class='ocrx_word' id='word_1_214' title='bbox 163 1831 342 1869; x_wconf 88' lang='lat' dir='ltr'><strong>omnibus</strong></span> <span class='ocrx_word' id='word_1_215' title='bbox 371 1832 558 1870; x_wconf 85' lang='lat' dir='ltr'><strong>affecerat.</strong></span> <span class='ocrx_word' id='word_1_216' title='bbox 619 1834 704 1880; x_wconf 90' lang='lat'>185.</span> <span class='ocrx_word' id='word_1_217' title='bbox 735 1831 867 1879; x_wconf 87' lang='lat' dir='ltr'><strong>Quum</strong></span> <span class='ocrx_word' id='word_1_218' title='bbox 897 1832 1010 1881; x_wconf 88' lang='lat' dir='ltr'><strong>igitur</strong></span> <span class='ocrx_word' id='word_1_219' title='bbox 1039 1832 1087 1870; x_wconf 93' lang='lat' dir='ltr'><strong>de</strong></span> <span class='ocrx_word' id='word_1_220' title='bbox 1118 1832 1220 1871; x_wconf 86' lang='lat' dir='ltr'><strong>furto</strong></span> <span class='ocrx_word' id='word_1_221' title='bbox 1251 1845 1408 1883; x_wconf 85' lang='lat' dir='ltr'><strong>quaere·</strong></span> <span class='ocrx_word' id='word_1_222' title='bbox 1425 1851 1462 1882; x_wconf 84' lang='lat'><strong>25</strong></span> 
     </span>
     <span class='ocr_line' id='line_1_28' title="bbox 163 1896 1407 1947; baseline 0.002 -13"><span class='ocrx_word' id='word_1_223' title='bbox 163 1903 275 1939; x_wconf 85' lang='lat' dir='ltr'><strong>retur,</strong></span> <span class='ocrx_word' id='word_1_224' title='bbox 295 1903 334 1934; x_wconf 92' lang='lat' dir='ltr'><strong>et</strong></span> <span class='ocrx_word' id='word_1_225' title='bbox 352 1909 400 1935; x_wconf 89' lang='lat' dir='ltr'><strong>eo</strong></span> <span class='ocrx_word' id='word_1_226' title='bbox 419 1897 532 1943; x_wconf 82' lang='lat' dir='ltr'><strong>furto,</strong></span> <span class='ocrx_word' id='word_1_227' title='bbox 552 1897 657 1947; x_wconf 89' lang='lat' dir='ltr'><strong>quod</strong></span> <span class='ocrx_word' id='word_1_228' title='bbox 676 1897 738 1935; x_wconf 91' lang='lat' dir='ltr'><strong>ille</strong></span> <span class='ocrx_word' id='word_1_229' title='bbox 758 1897 838 1935; x_wconf 91' lang='lat' dir='ltr'><strong>sine</strong></span> <span class='ocrx_word' id='word_1_230' title='bbox 859 1897 1117 1935; x_wconf 90' lang='lat' dir='ltr'><strong>controversia</strong></span> <span class='ocrx_word' id='word_1_231' title='bbox 1135 1896 1297 1936; x_wconf 89' lang='lat' dir='ltr'><strong>fecerat:</strong></span> <span class='ocrx_word' id='word_1_232' title='bbox 1326 1905 1407 1936; x_wconf 92' lang='lat' dir='ltr'><strong>tum</strong></span> 
     </span>
     <span class='ocr_line' id='line_1_29' title="bbox 163 1961 1407 2012; baseline 0.003 -14"><span class='ocrx_word' id='word_1_233' title='bbox 163 1961 224 1998; x_wconf 88' lang='lat' dir='ltr'><strong>ille</strong></span> <span class='ocrx_word' id='word_1_234' title='bbox 251 1961 300 1999; x_wconf 90' lang='lat' dir='ltr'><strong>de</strong></span> <span class='ocrx_word' id='word_1_235' title='bbox 327 1973 387 2008; x_wconf 92' lang='lat' dir='ltr'><strong>eo,</strong></span> <span class='ocrx_word' id='word_1_236' title='bbox 416 1963 522 2011; x_wconf 91' lang='lat' dir='ltr'><strong>quod</strong></span> <span class='ocrx_word' id='word_1_237' title='bbox 549 1962 813 2012; x_wconf 90' lang='lat' dir='ltr'><strong>quaerebatur,</strong></span> <span class='ocrx_word' id='word_1_238' title='bbox 839 1962 998 1999; x_wconf 90' lang='lat' dir='ltr'><strong>verbum</strong></span> <span class='ocrx_word' id='word_1_239' title='bbox 1029 1962 1175 2000; x_wconf 87' lang='lat' dir='ltr'><strong>nullum</strong></span> <span class='ocrx_word' id='word_1_240' title='bbox 1207 1962 1321 2001; x_wconf 84' lang='lat' dir='ltr'><strong>fecit?</strong></span> <span class='ocrx_word' id='word_1_241' title='bbox 1360 1964 1407 2002; x_wconf 90' lang='lat' dir='ltr'><strong>de</strong></span> 
     </span>
     <span class='ocr_line' id='line_1_30' title="bbox 164 2026 1408 2076; baseline 0.002 -15"><span class='ocrx_word' id='word_1_242' title='bbox 164 2036 313 2063; x_wconf 89' lang='lat' dir='ltr'><strong>veneno</strong></span> <span class='ocrx_word' id='word_1_243' title='bbox 332 2027 458 2064; x_wconf 88' lang='lat' dir='ltr'><strong>statim</strong></span> <span class='ocrx_word' id='word_1_244' title='bbox 477 2026 596 2064; x_wconf 87' lang='lat' dir='ltr'><strong>dixit?</strong></span> <span class='ocrx_word' id='word_1_245' title='bbox 625 2026 673 2064; x_wconf 87' lang='lat' dir='ltr'><strong>de</strong></span> <span class='ocrx_word' id='word_1_246' title='bbox 692 2026 804 2073; x_wconf 84' lang='lat' dir='ltr'><strong>furto,</strong></span> <span class='ocrx_word' id='word_1_247' title='bbox 826 2027 857 2064; x_wconf 93' lang='lat' dir='ltr'><strong>si</strong></span> <span class='ocrx_word' id='word_1_248' title='bbox 875 2038 956 2064; x_wconf 88' lang='lat' dir='ltr'><strong>non</strong></span> <span class='ocrx_word' id='word_1_249' title='bbox 980 2037 1027 2064; x_wconf 93' lang='lat' dir='ltr'><strong>eo</strong></span> <span class='ocrx_word' id='word_1_250' title='bbox 1046 2026 1146 2069; x_wconf 88' lang='lat' dir='ltr'><strong>loco,</strong></span> <span class='ocrx_word' id='word_1_251' title='bbox 1169 2038 1247 2076; x_wconf 93' lang='lat' dir='ltr'><strong>quo</strong></span> <span class='ocrx_word' id='word_1_252' title='bbox 1267 2027 1408 2074; x_wconf 89' lang='lat' dir='ltr'><strong>debuit,</strong></span> 
     </span>
     <span class='ocr_line' id='line_1_31' title="bbox 163 2091 1407 2142; baseline 0.002 -15"><span class='ocrx_word' id='word_1_253' title='bbox 163 2102 214 2128; x_wconf 90' lang='lat' dir='ltr'><strong>ne</strong></span> <span class='ocrx_word' id='word_1_254' title='bbox 239 2091 278 2128; x_wconf 90' lang='lat' dir='ltr'><strong>in</strong></span> <span class='ocrx_word' id='word_1_255' title='bbox 303 2099 472 2130; x_wconf 85' lang='lat' dir='ltr'><strong>extrema</strong></span> <span class='ocrx_word' id='word_1_256' title='bbox 495 2092 663 2141; x_wconf 90' lang='lat' dir='ltr'><strong>quidem,</strong></span> <span class='ocrx_word' id='word_1_257' title='bbox 683 2098 747 2130; x_wconf 89' lang='lat' dir='ltr'><strong>aut</strong></span> <span class='ocrx_word' id='word_1_258' title='bbox 774 2091 912 2137; x_wconf 89' lang='lat' dir='ltr'><strong>media,</strong></span> <span class='ocrx_word' id='word_1_259' title='bbox 932 2098 997 2129; x_wconf 88' lang='lat' dir='ltr'><strong>aut</strong></span> <span class='ocrx_word' id='word_1_260' title='bbox 1022 2091 1062 2129; x_wconf 92' lang='lat' dir='ltr'><strong>in</strong></span> <span class='ocrx_word' id='word_1_261' title='bbox 1089 2091 1216 2141; x_wconf 89' lang='lat' dir='ltr'><strong>aliqua</strong></span> <span class='ocrx_word' id='word_1_262' title='bbox 1241 2092 1407 2142; x_wconf 90' lang='lat' dir='ltr'><strong>denique</strong></span> 
     </span>
     <span class='ocr_line' id='line_1_32' title="bbox 165 2156 1476 2205; baseline 0.002 -11"><span class='ocrx_word' id='word_1_263' title='bbox 165 2162 271 2204; x_wconf 84' lang='lat' dir='ltr'><strong>parte</strong></span> <span class='ocrx_word' id='word_1_264' title='bbox 289 2157 532 2205; x_wconf 82' lang='lat' dir='ltr'><strong>quaestionis,</strong></span> <span class='ocrx_word' id='word_1_265' title='bbox 552 2158 710 2195; x_wconf 89' lang='lat' dir='ltr'><strong>verbum</strong></span> <span class='ocrx_word' id='word_1_266' title='bbox 730 2157 818 2195; x_wconf 86' lang='lat' dir='ltr'><strong>fecit</strong></span> <span class='ocrx_word' id='word_1_267' title='bbox 836 2156 979 2195; x_wconf 88' lang='lat' dir='ltr'><strong>ullum?</strong></span> <span class='ocrx_word' id='word_1_268' title='bbox 1420 2174 1476 2205; x_wconf 56' lang='lat'><strong>301</strong></span> 
     </span>
     <span class='ocr_line' id='line_1_33' title="bbox 218 2219 1404 2268; baseline 0.003 -11"><span class='ocrx_word' id='word_1_269' title='bbox 218 2222 290 2258; x_wconf 83' lang='grc'><strong>86.</strong></span> <span class='ocrx_word' id='word_1_270' title='bbox 328 2219 412 2258; x_wconf 89' lang='lat' dir='ltr'><strong>Iam</strong></span> <span class='ocrx_word' id='word_1_271' title='bbox 452 2221 596 2268; x_wconf 88' lang='lat' dir='ltr'><strong>videtis,</strong></span> <span class='ocrx_word' id='word_1_272' title='bbox 634 2222 735 2259; x_wconf 87' lang='lat' dir='ltr'><strong>illam</strong></span> <span class='ocrx_word' id='word_1_273' title='bbox 778 2221 960 2259; x_wconf 85' lang='lat' dir='ltr'><strong>nefariam</strong></span> <span class='ocrx_word' id='word_1_274' title='bbox 1002 2222 1211 2268; x_wconf 87' lang='lat' dir='ltr'><strong>mulierem,</strong></span> <span class='ocrx_word' id='word_1_275' title='bbox 1249 2221 1404 2268; x_wconf 90' lang='lat' dir='ltr'><strong>iudices,</strong></span> 
     </span>
     <span class='ocr_line' id='line_1_34' title="bbox 165 2282 1404 2337; baseline 0.003 -16"><span class='ocrx_word' id='word_1_276' title='bbox 165 2282 301 2322; x_wconf 85' lang='lat' dir='ltr'><strong>eadem</strong></span> <span class='ocrx_word' id='word_1_277' title='bbox 337 2295 465 2333; x_wconf 86' lang='lat' dir='ltr'><strong>manu,</strong></span> <span class='ocrx_word' id='word_1_278' title='bbox 498 2297 584 2337; x_wconf 89' lang='lat' dir='ltr'><strong>qua,</strong></span> <span class='ocrx_word' id='word_1_279' title='bbox 619 2286 651 2325; x_wconf 92' lang='lat' dir='ltr'><strong>si</strong></span> <span class='ocrx_word' id='word_1_280' title='bbox 684 2287 792 2325; x_wconf 88' lang='lat' dir='ltr'><strong>detur</strong></span> <span class='ocrx_word' id='word_1_281' title='bbox 826 2292 1010 2336; x_wconf 90' lang='lat' dir='ltr'><strong>potestas,</strong></span> <span class='ocrx_word' id='word_1_282' title='bbox 1043 2286 1253 2325; x_wconf 86' lang='lat' dir='ltr'><strong>interficere</strong></span> <span class='ocrx_word' id='word_1_283' title='bbox 1286 2286 1404 2326; x_wconf 89' lang='lat' dir='ltr'><strong>filium</strong></span> 
     </span>
    </p>
   </div>
  </div>
 </body>
</html>
