1650 2554
131 173 175 211 tt
192 168 346 211 51-5⁶.-
446 166 622 198 ORATIO
651 167 748 198 PRO
774 166 819 199 A.
846 167 1086 199 OLUENTIO.
1319 159 1368 200 81

128 278 176 316 de
201 274 463 315 sollicitatione
482 273 669 323 Diogenis
697 273 839 312 recenti
859 285 910 319 re,
931 285 1062 311 secum
1083 272 1367 323 Cleophantum

125 341 294 381 locutum
327 351 411 377 esse
441 338 602 376 dicebat.
660 347 722 386 54.
751 337 879 387 Atque
910 338 950 375 in
982 338 1046 376 illo
1078 338 1217 376 iudicio
1247 350 1367 388 quum

126 404 402 445 Scamandrum
438 415 511 441 nos
542 402 746 441 defendere
776 403 1000 447 videremur,
1031 404 1148 441 verbo
1184 403 1246 442 ille
1278 417 1364 442 reus

125 478 214 518 erat,
232 483 273 509 re
300 468 456 520 quidem
483 480 570 505 vera
598 474 636 505 et
663 467 830 516 periculo
862 473 942 505 tota
972 469 1214 506 accusatione
1245 468 1367 519 Oppi-

125 537 266 575 anicus.
322 533 460 583 Neque
488 533 527 570 id
554 533 716 571 obscure
744 532 899 579 ferebat,
926 545 998 570 nec
1026 533 1261 572 dissimulare
1290 534 1367 573 ullo
1383 550 1400 582 5

125 601 244 639 modo
272 605 444 650 poterat:
477 597 606 635 aderat
635 597 825 647 frequens,
854 598 1075 645 advocabat,
1105 600 1211 637 omni
1242 600 1368 638 studio

125 666 321 716 gratiaque
354 663 572 714 pugnabat:
611 669 817 712 postremo,
847 662 886 701 id
919 663 1025 712 quod
1057 664 1226 701 maximo
1264 665 1367 703 malo

126 730 177 768 illi
205 741 342 768 causae
371 729 451 773 fuit,
480 728 554 766 hoc
583 728 668 777 ipso
697 727 736 765 in
763 727 863 769 loco,
894 728 1002 777 quasi
1029 740 1116 766 reus
1144 729 1226 778 ipse
1254 736 1366 776 esset,

126 794 295 833 sedebat.
342 793 456 832 Oculi
475 793 648 835 omnium
664 792 831 830 iudicum
846 804 926 830 non
941 793 980 830 in
997 793 1285 840 Scamandrum,
1299 794 1368 833 sed

125 859 164 897 in
179 858 439 908 Oppianicum
458 857 771 895 coniiciebantur:
792 857 904 895 timor
919 857 1010 904 eius,
1026 859 1270 908 perturbatio,
1284 871 1366 898 sus·
1386 875 1422 898 10

125 935 268 974 pensus
280 923 522 971 incertusque
534 921 667 967 vultus,
676 923 809 960 crebra
821 922 959 960 coloris
971 924 1141 970 mutatio,
1149 936 1248 973 quae
1260 931 1368 963 erant

124 994 236 1026 antea
254 987 474 1037 suspiciosa,
494 986 587 1024 haec
607 993 738 1036 aperta
756 993 793 1024 et
811 987 1013 1026 manifesta
1032 988 1231 1027 faciebant.

177 1057 247 1091 20.
279 1062 341 1100 55,
370 1051 502 1099 Quum
527 1052 567 1089 in
586 1052 786 1090 consilium
814 1052 857 1089 iri
885 1059 1087 1102 oporteret,
1107 1055 1290 1104 quaesivit
1317 1056 1367 1093 ab

124 1128 190 1155 reo
219 1116 265 1155 C.
286 1117 418 1154 Iunius
447 1117 647 1166 quaesitor,
668 1128 715 1154 ex
743 1116 828 1166 lege
854 1116 916 1154 illa
943 1117 1132 1165 Cornelia,
1157 1131 1255 1169 quae
1284 1127 1366 1158 tum

125 1188 216 1228 erat,
235 1182 345 1227 clam,
373 1193 423 1219 an
450 1181 590 1230 palam,
612 1181 659 1219 de
688 1193 729 1219 se
758 1182 986 1220 sententiam
1014 1183 1099 1221 ferri
1128 1184 1246 1222 vellet.
1304 1185 1364 1223 De
1385 1201 1420 1234 ¹5

126 1246 330 1297 Oppianici
351 1247 537 1285 sententia
555 1258 783 1295 responsum
803 1253 869 1293 est,
890 1247 995 1296 quod
1014 1249 1046 1286 is
1073 1248 1206 1287 Habiti
1231 1250 1365 1288 famili-

125 1323 229 1350 arem
249 1312 401 1350 Iunium
430 1323 514 1349 esse
534 1311 694 1357 dicebat,
715 1312 813 1349 clam
832 1312 925 1350 velle
954 1313 1053 1352 ferri.
1109 1314 1211 1352 Itum
1241 1322 1298 1354 est
1326 1316 1367 1354 in

126 1376 336 1415 consilium.
386 1375 575 1414 Omnibus
596 1376 802 1418 sententiis,
818 1383 966 1426 praeter
979 1389 1107 1424 unam,
1123 1391 1240 1428 quarn
1256 1392 1366 1419 suam

127 1441 301 1480 Staienus
320 1452 404 1479 esse
424 1440 582 1487 dicebat,
604 1440 838 1478 Scamander
856 1442 978 1491 prima
1006 1443 1155 1482 actione
1183 1445 1366 1484 condem-

125 1512 236 1544 natus
273 1512 338 1544 est.
413 1504 511 1552 Quis
547 1512 628 1543 tum
669 1511 748 1544 erat
793 1506 974 1554 omnium,
1012 1508 1089 1557 qui,
1128 1508 1366 1549 Scamandro
1382 1528 1423 1550 20

125 1570 393 1616 condemnato,
422 1582 503 1608 non
540 1570 721 1608 iudicium
758 1570 806 1608 de
844 1570 1061 1621 Oppianico
1098 1573 1241 1612 factum
1281 1588 1366 1614 esse

15 1615 58 1674 2577,-
125 1635 389 1674 arbitraretur?
436 1634 528 1684 quid
565 1641 621 1673 est
657 1635 718 1672 illa
756 1634 1000 1674 damnatione
1037 1638 1254 1683 iudicatum,
1294 1641 1367 1679 nisi

124 1711 313 1738 venenum
358 1699 408 1746 id,
445 1699 551 1750 quod
596 1699 742 1738 Habito
789 1699 948 1747 daretur,
995 1713 1080 1740 esse
1126 1704 1367 1752 quaesitum?

126 1763 237 1812 Quae
263 1776 378 1814 porro
408 1765 627 1804 tenuissima
657 1765 822 1814 suspicio
851 1766 988 1804 collata
1017 1767 1056 1806 in
1087 1768 1365 1810 Scamandrum

126 1836 192 1875 est,
212 1836 276 1868 aut
303 1829 466 1868 conferri
493 1830 625 1880 potuit,
644 1836 686 1868 ut
713 1830 745 1868 is
773 1842 843 1869 sua
870 1838 1009 1881 sponte
1038 1845 1174 1872 necare
1202 1835 1363 1875 voluisse
1380 1853 1418 1885 ²5

127 1893 311 1938 Habitum
329 1896 552 1945 putaretur?

180 1960 241 2007 56.
270 1959 398 2010 Atque
425 1960 502 1998 hoc
531 1966 612 1998 tum
640 1960 779 1999 iudicio
807 1960 921 2009 facto,
941 1968 978 2001 et
1007 1963 1236 2014 Oppianico,
1257 1979 1297 2006 re
1325 1974 1363 2007 et

126 2024 402 2064 existimatione
429 2025 517 2071 iam,
546 2025 630 2074 lege
658 2032 695 2064 et
722 2028 1029 2076 pronuntiatione
1057 2031 1231 2069 nondum
1270 2045 1364 2071 con-

127 2087 316 2136 demnato,
345 2096 473 2128 tamen
502 2089 668 2129 Habitus
700 2090 958 2141 Oppianicum
988 2106 1095 2132 reum
1125 2097 1251 2134 statim
1283 2110 1363 2136 non

128 2152 234 2200 fecit.>
283 2153 413 2193 Voluit
449 2167 696 2205 cognoscere,
733 2163 859 2194 utrum
897 2157 1040 2197 iudices
1077 2160 1117 2198 in
1154 2173 1221 2200 eos
1261 2163 1363 2202 solos
1379 2179 1421 2211 30

129 2224 255 2257 essent
273 2220 401 2266 severi,
420 2231 518 2270 quos
537 2232 726 2258 venenum
746 2220 922 2261 habuisse
948 2224 1055 2272 ipsos
1074 2227 1361 2276 comperissent,

130 2293 181 2322 an
216 2283 328 2323 etiam
363 2284 522 2324 consilia
559 2287 887 2338 conscientiasque
928 2289 1114 2328 eiusmodi
1151 2291 1365 2332 facinorum

766 2363 793 2392 o
