1650 2554
241 155 323 197 116
596 163 647 197 M.
683 164 840 196 TULLII
868 165 1117 197 CICERONIS
1260 176 1313 201 oo.
1333 169 1491 201 48-50,

238 273 304 318 vis,
337 284 386 310 ex
417 278 554 311 senatu
583 272 786 311 eiecerunt.
847 271 915 309 Sin
953 278 1082 310 autem
1120 285 1347 312 censorum:
1387 273 1490 312 hunc

237 337 459 388 Egnatium,
499 350 616 388 quem
653 343 762 387 pater
800 337 975 375 censoria
1013 338 1295 388 subscriptione
1332 338 1491 378 exhere-

237 403 350 450 davit,
380 415 560 441 censores
594 403 634 440 in
668 409 814 449 senatu,
844 414 964 452 quum
997 409 1146 452 patrem
1180 404 1373 451 efficerent,
1402 404 1490 442 reti-

237 474 414 507 nuerunt.

200 549 219 581 5
290 538 365 573 49.
414 535 501 583 136.
535 534 587 572 At
619 534 723 572 enim
755 541 909 573 senatus
943 534 1141 572 universus
1173 534 1362 582 iudicavit,
1396 534 1490 574 illud

236 606 458 649 corruptum
491 611 577 638 esse
614 599 1362 651 iudicium—Quomodo?—Suscepit
1399 612 1489 639 cau-

235 666 452 703 sam—An
472 665 595 715 potuit
614 677 696 703 rem
716 665 882 703 delatam
902 665 1090 703 eiusmodi
1112 666 1339 715 repudiare?
1369 678 1489 717 quum

234 730 409 768 tribunus
436 730 571 780 plebis,
599 731 746 780 populo
777 731 982 777 concitato,
1009 742 1091 768 rem
1118 743 1243 781 paene
1271 731 1321 770 ad
1349 743 1488 770 manus

234 801 474 834 revocasset:
506 808 627 845 quum
651 797 704 834 vir
727 796 908 846 optimus,
930 802 966 833 et
992 795 1112 833 homo
1136 795 1503 845 innocentissimus

181 876 220 899 10
235 862 401 912 pecunia
428 862 709 900 circumventus
738 874 823 900 esse
853 861 1061 899 diceretur:
1101 874 1221 912 quum
1249 861 1390 901 invidia
1418 862 1488 900 fla-

235 934 361 979 graret
390 927 487 967 ordo
519 928 743 973 senatorius,
774 928 898 978 potuit
931 926 1026 965 nihil
1059 927 1239 966 decerni?
1273 928 1396 977 potuit
1426 929 1489 967 illa

234 993 442 1032 concitatio
468 993 720 1031 multitudinis
749 993 831 1031 sine
858 1004 1012 1031 summo
1039 993 1209 1042 periculo
1235 993 1291 1031 rei
1312 993 1487 1043 publicae

234 1059 452 1109 repudiari?
495 1059 546 1096 At
562 1058 653 1108 quid
674 1065 731 1096 est
748 1058 968 1096 decretum?
993 1070 1110 1108 quam
1130 1058 1348 1108 sapienter?
1371 1071 1489 1110 quam

234 1124 461 1174 diligenter?
530 1123 571 1161 S1
608 1136 676 1168 QUI
712 1136 821 1170 SUNT,
860 1136 1024 1167 QUORUM
1062 1135 1186 1162 OPERA
1223 1136 1382 1163 FACTUM
1417 1137 1487 1171 srr,

181 1204 217 1236 ¹5
235 1201 287 1228 UT
320 1202 501 1228 rumcmM
535 1201 730 1227 PUBLICUM
763 1200 1112 1228 CORRUMPERETUR.
1175 1187 1316 1227 Utrum
1343 1189 1490 1228 videtur

236 1261 392 1293 senatus
422 1255 463 1292 id
493 1253 637 1292 factum
670 1254 859 1292 iudicare:
899 1266 961 1299 an,
995 1254 1027 1291 si
1060 1252 1203 1292 factum
1237 1255 1296 1300 sit,
1326 1255 1488 1294 moleste

235 1320 476 1370 graviterque
505 1319 628 1357 serre?
686 1319 725 1357 Si
754 1320 838 1369 ipse
866 1318 914 1357 A.
946 1318 1145 1358 Cluentius
1176 1320 1408 1358 sententiam
1441 1321 1489 1359 de

235 1385 384 1423 iudiciis
414 1390 624 1434 rogaretur,
658 1384 773 1422 aliam
805 1396 885 1422 non
915 1384 1067 1430 diceret,
1097 1391 1210 1435 atque
1243 1385 1270 1422 ii
1301 1385 1488 1434 dixerunt,

236 1462 403 1500 quorum
431 1450 627 1488 sententiis
655 1449 877 1488 Cluentium
904 1449 1207 1488 condemnatum
1238 1462 1324 1489 esse
1354 1451 1488 1489 dicitis.

180 1531 220 1553 20
241 1524 327 1564 137.
369 1515 446 1554 Sed
483 1527 628 1566 quaero
667 1527 690 1553 a
726 1515 846 1561 vobis,
885 1527 980 1553 num
1018 1516 1129 1553 istam
1166 1515 1294 1566 legem
1331 1528 1379 1554 ex
1416 1516 1490 1555 isto

236 1587 392 1619 senatus
423 1581 601 1619 consulto
630 1580 674 1618 L.
705 1580 887 1618 Lucullus
921 1581 1068 1626 consul,
1103 1580 1224 1619 homo
1257 1581 1489 1631 sapientissi-

236 1657 335 1692 mus,
355 1645 506 1684 tulerit?
536 1658 630 1684 num
659 1657 763 1683 anno
793 1652 882 1695 post
908 1645 964 1683 M.
986 1645 1169 1684 Lucullus
1197 1652 1234 1684 et
1254 1645 1300 1685 C.
1321 1645 1488 1692 Cassius,

236 1711 277 1748 in
315 1722 425 1761 quos,
459 1717 542 1748 tum
579 1710 759 1748 consules
798 1709 1032 1759 designatos,
1066 1710 1169 1747 idem
1206 1709 1299 1748 illud
1336 1716 1490 1748 senatus

237 1776 482 1814 decreverat?
539 1774 633 1812 Non
660 1775 847 1812 tulerunt:
887 1781 924 1812 et
957 1775 1064 1824 quod
1093 1781 1134 1812 tu
1163 1774 1298 1813 Habiti
1325 1776 1491 1824 pecunia

181 1857 219 1889 25
237 1841 380 1879 factum
405 1852 490 1878 esse
523 1840 662 1889 arguis,
690 1851 815 1890 neque
844 1839 883 1876 id
915 1839 991 1876 ulla
1018 1839 1241 1877 tenuissima
1270 1839 1491 1889 suspicione

237 1905 455 1951 confirmas,
488 1905 633 1943 factum
663 1911 722 1942 est
754 1905 878 1954 primo
910 1904 1061 1942 illorum
1095 1905 1285 1954 aequitate
1317 1911 1356 1942 et
1388 1906 1489 1955 sapi-

237 1971 340 2009 entia
366 1970 581 2016 consulum,
605 1976 647 2008 ut
671 1970 721 2016 id,
751 1969 858 2020 quod
883 1977 1038 2008 senatus
1065 1970 1294 2016 decreverat,
1321 1970 1370 2008 ad
1397 1970 1491 2009 illud

236 2035 400 2074 invidiae
437 2047 621 2084 praesens
658 2035 881 2074 incendium
917 2034 1244 2085 restinguendum,
1279 2034 1319 2073 id
1355 2042 1491 2085 postea

238 2100 482 2140 referendum
508 2100 558 2138 ad
585 2100 773 2151 populum
799 2113 880 2139 non
906 2101 1183 2139 arbitrarentur.
1240 2100 1331 2150 Ipse
1350 2101 1490 2141 deinde

181 2184 223 2215 30
239 2166 407 2218 populus
445 2165 660 2212 Romanus,
695 2166 761 2216 qui
793 2166 838 2203 L.
873 2165 1020 2213 Quintii
1057 2166 1197 2204 tribuni
1233 2166 1357 2215 plebis
1393 2166 1489 2206 fictis

240 2230 489 2282 querimoniis
524 2235 639 2269 antea
671 2231 895 2273 concitatus,
929 2242 1012 2269 rem
1043 2230 1147 2268 illam
1179 2236 1217 2268 et
1250 2231 1490 2280 rogationem

239 2298 438 2347 flagitarat,
463 2296 566 2334 idem
590 2294 634 2334 C.
656 2295 755 2334 Iunii
781 2295 856 2343 filii,
883 2295 991 2346 pueri
1017 2295 1175 2346 parvuli,
1194 2295 1360 2337 lacrimis
1383 2307 1489 2335 com-
