1650 2554
399 0 503 73 ιἐκ

127 166 167 212 53
189 167 328 210 σι’-64.
430 167 539 202 -οΚΑ
547 166 626 201 Tm
654 168 749 201 PRO
777 167 823 202 A.
855 166 1102 200 cwENTm.
1321 157 1375 212 85

124 282 274 327 praeter
298 276 374 315 hoc
402 288 595 315 venenum
624 264 842 325 Oppianici,
870 284 952 312 non
980 273 1100 311 modo
1128 273 1168 311 in
1197 272 1376 318 criminis,

125 341 251 380 sedin
270 341 460 380 maledicti
486 341 575 380 loco
604 342 651 379 sit
679 341 887 379 obiectum.
945 342 1008 392 63.
1039 338 1162 377 Multa
1182 338 1256 376 dici
1285 349 1375 387 pos-

125 413 213 445 sunt
230 419 347 457 quare
376 407 429 445 ita
447 418 606 444 necesse
635 405 746 443 fuerit
774 405 952 444 iudicari:
982 405 1053 444 sed
1071 415 1147 454 ego
1176 413 1376 441 occurram

125 472 401 522 exspectationi
437 479 594 518 vestrae,
633 471 788 509 iudices.
845 470 959 517 Nam,
999 469 1070 508 etsi
1106 481 1130 507 a
1166 468 1275 506 vobis
1323 467 1377 505 sic

126 537 270 583 audior,
285 543 326 574 ut
346 548 559 586 numquam
574 534 778 585 benignius
799 547 924 585 neque
943 535 1123 573 attentius
1144 544 1377 583 quemquam
1394 547 1411 579 5

125 602 297 640 auditum
324 607 483 652 putem:
519 607 649 639 tamen
677 607 788 639 vocat
815 613 878 638 me
906 601 980 639 alio
1009 599 1236 638 iamdudum
1265 597 1379 636 tacita

59 670 63 675 '
125 659 248 706 'vestra
288 667 536 716 exspectatio,
577 677 676 716 quae
717 665 810 703 mihi
851 665 1009 716 obloqui
1047 665 1194 702 videtur
1207 662 1380 709 :—Quid

125 733 245 782 ergo?
283 744 465 782 negasne,
505 731 599 769 illud
635 730 818 769 iudicium
855 741 940 769 esse
977 736 1200 780 corruptum
1214 727 1379 766 ?——Non

125 808 250 847 nego:
281 797 349 835 sed
369 798 418 835 ab
437 796 513 834 hoc
533 801 753 845 corruptum
772 807 854 833 non
873 807 958 834 esse
986 793 1281 834 confirmo—A
1300 805 1379 842 quo

126 863 238 912 igitur
256 869 313 900 est
332 867 555 911 corruptum
567 860 799 910 ?—Opinor,
821 860 999 910 primurn,
1021 861 1052 898 si
1078 860 1266 898 incertum
1286 858 1377 896 fuis-
1396 873 1435 895 ιο

128 934 194 974 set,
216 927 395 978 quisnam
414 926 538 964 exitus
558 926 655 964 illius
674 925 802 964 iudicii
823 925 972 963 futurus
992 931 1104 971 esset,
1125 924 1203 962 veri
1222 923 1379 962 similius

126 999 257 1032 tamen
294 998 404 1039 esset,
440 1003 529 1029 eum
566 991 695 1041 potius
732 991 960 1040 corrupisse,
991 990 1056 1040 qui
1094 989 1302 1036 metuisset,
1333 1001 1383 1026 ne

127 1059 209 1108 ipse
242 1057 572 1103 condemnaretur,
606 1068 724 1106 quam
761 1055 878 1102 illum,
913 1056 978 1105 qui
1008 1055 1148 1094 veritus
1181 1061 1293 1101 esset,
1327 1067 1376 1092 ne

127 1123 220 1161 alter
250 1122 530 1160 absolveretur:
566 1121 717 1167 deinde,
747 1133 868 1172 quum
901 1126 1003 1158 esset
1032 1121 1179 1158 nemini
1210 1119 1379 1164 dubium,

128 1187 221 1238 quid
250 1187 407 1225 iudicari
437 1198 598 1224 neeesse
636 1192 746 1232 esset,
778 1198 867 1223 eum
899 1191 1001 1223 certe
1032 1185 1173 1235 potius,
1204 1184 1270 1234 qui
1309 1183 1379 1222 sibi
1398 1197 1434 1230 15

127 1252 202 1290 alia
219 1252 365 1290 ratione
385 1251 581 1297 diffideret,
602 1263 719 1302 quam
742 1263 831 1288 eum
852 1251 917 1300 qui
946 1250 1055 1288 omni
1083 1250 1230 1287 ratione
1260 1249 1379 1288 confi·

129 1316 258 1355 deret:
294 1323 505 1366 postremo,
533 1322 635 1354 certe
672 1316 800 1365 potius
837 1315 954 1361 illum,
983 1315 1050 1365 qui
1079 1315 1138 1352 bis
1176 1314 1280 1364 apud
1313 1325 1380 1352 eos

129 1381 273 1420 iudices
300 1381 536 1426 offendisset,
558 1392 676 1430 quam
704 1392 806 1426 eum,
825 1380 891 1429 qui
910 1380 968 1418 bis
998 1391 1156 1418 causam
1175 1379 1220 1417 iis
1239 1379 1380 1429 proba-

129 1447 256 1484 visset.
314 1447 374 1492 64.
398 1444 531 1483 Unum
559 1445 717 1495 quidem
746 1451 847 1483 certe
876 1456 993 1482 nemo
1023 1444 1091 1482 erit
1120 1450 1199 1482 tam
1227 1444 1380 1494 iniquus

131 1510 309 1549 Cluentio
337 1510 403 1560 qui
435 1509 529 1547 mihi
566 1521 647 1547 non
675 1508 873 1556 concedat,
903 1509 935 1547 si
974 1515 1125 1548 constet
1158 1516 1380 1559 corruptum
1396 1524 1437 1547 20

129 1576 222 1614 illud
241 1587 324 1614 esse
344 1575 535 1620 iudicium,
556 1581 620 1612 aut
639 1575 687 1613 ab
708 1574 866 1620 Habito,
888 1580 952 1612 aut
975 1575 1024 1612 ab
1045 1574 1265 1624 Oppianico
1294 1586 1379 1612 esse

124 1647 358 1691 corruptum.
416 1639 455 1677 Si
482 1639 616 1684 doceo,
638 1651 717 1677 non
746 1640 796 1677 ab
825 1638 983 1685 Habito,
1006 1639 1131 1685 vinco,
1153 1640 1204 1677 ab
1233 1638 1380 1689 Oppia—

127 1707 238 1745 nico:
268 1706 300 1744 si
318 1704 496 1751 ostendo,
517 1706 565 1743 ab
585 1704 814 1755 Oppianico,
835 1716 960 1755 purgo
981 1704 1180 1743 Habitum.
1237 1704 1379 1751 Quare,

130 1772 200 1810 etsi
218 1772 308 1810 satis
328 1771 442 1809 docui
466 1771 654 1809 rationem
677 1770 819 1807 nullam
838 1769 926 1808 huic
951 1770 1223 1820 corrumpendi
1245 1770 1373 1809 iudicii

129 1835 270 1875 fuisse:
298 1849 346 1874 ex
366 1848 443 1886 quo
467 1835 696 1885 intelligitur,
716 1836 765 1872 ab
785 1833 1004 1885 Oppianico
1028 1846 1113 1873 esse
1134 1842 1377 1885 corruptum:
1396 1851 1433 1883 25

127 1906 260 1940 ‘tamen
278 1901 326 1940 de
345 1901 408 1940 illo
428 1902 513 1952 ipso
535 1900 740 1950 separatim
760 1900 995 1949 cognoscite.

126 1974 131 1978 '
183 1970 252 2006 24.
279 1966 406 2017 Atque
450 1979 525 2017 ego
572 1965 634 2003 illa
678 1977 759 2003 non
795 1966 1104 2015 argumentabor,
1144 1978 1242 2016 quae
1290 1973 1378 2004 sunt

126 2031 258 2081 'gravia
276 2031 539 2070 vehementer:
560 2043 648 2069 eum
668 2031 894 2079 corrupisse,
915 2030 981 2080 qui
1000 2031 1039 2068 in
1060 2031 1228 2080 periculo
1244 2031 1376 2069 fuerit:

129 2095 232 2142 eum,
251 2097 315 2146 qui
333 2097 528 2135 metuerit:
559 2108 659 2140 eum,
679 2096 744 2145 qui
774 2107 884 2145 spem
912 2095 1042 2133 salutis
1070 2095 1110 2133 in
1130 2096 1202 2134 alia
1231 2097 1376 2134 ratione

134 2170 215 2197 non
240 2159 433 2199 habuerit:
462 2173 560 2207 eum,
585 2160 650 2210 qui
679 2172 829 2209 semper
857 2160 1038 2210 singulari
1066 2160 1177 2199 fuerit
1206 2161 1373 2198 audacia.
1390 2175 1434 2206 30

136 2221 259 2261 Multa
285 2231 372 2263 sunt
406 2226 605 2264 eiusmodi.
661 2224 809 2263 Verum
838 2236 956 2276 quum
983 2225 1148 2264 habeam
1177 2233 1257 2263 rem
1295 2236 1376 2262 non

137 2286 302 2335 dubiam,
335 2289 416 2328 sed
460 2297 632 2340 apertam
678 2295 792 2341 atque
839 2290 1092 2338 manifestam,
1141 2289 1376 2329 enumeratio
