1650 2554
130 176 168 215 §5
191 173 330 212 ²8—31.
443 171 620 204 ORATIO
648 171 744 203 PRO
772 169 816 203 A.
848 168 1092 202 CLUENTIO.
1335 169 1386 214 71

83 268 87 274 ¹
129 289 185 323 ea,
206 290 304 327 quae
330 277 512 328 propiora
536 276 649 314 huius
675 287 814 314 causae
837 281 874 313 et
897 274 1135 313 adiunctiora
1163 279 1261 319 sunt,
1290 285 1376 323 per-

128 343 289 380 veniam.

183 406 278 453 Vos,
291 419 448 457 quaeso,
463 407 650 444 memoria
662 406 833 451 teneatis,
846 417 927 443 non
942 404 1035 442 mihi
1050 404 1124 443 hoc
1137 416 1221 443 esse
1233 415 1376 454 propo-

127 471 253 517 situm,
275 477 316 509 ut
335 484 514 510 accusem
534 471 793 521 Oppianicum
811 476 1025 508 mortuum:
1056 469 1135 516 sed,
1156 481 1276 519 quum
1302 468 1378 506 hoc

127 537 355 586 persuadere
376 537 484 574 vobis
504 536 627 581 velim,
648 535 830 573 iudicium
849 535 898 572 ab
915 534 991 572 hoc
1013 546 1094 572 non
1113 545 1198 572 esse
1219 545 1378 583 corrup·
1393 548 1410 580 5

128 606 220 646 tum,
233 600 309 638 hoc
325 601 379 638 uti
391 601 499 638 initio
513 613 557 638 ac
569 599 820 638 fundamento
833 598 1084 637 defensionis:
1101 597 1375 648 Oppianicum,

127 664 325 702 hominem
346 665 678 703 sceleratissimum
702 670 740 702 et
767 664 1082 702 nocentissimum
1110 675 1194 701 esse
1215 662 1376 700 damna-

126 734 224 767 tum:
244 730 309 779 qui
320 731 429 768 uxori
445 742 535 768 suae
551 729 758 774 Cluentiae,
771 740 870 778 quae
890 728 1005 766 amita
1018 727 1130 765 huius
1145 727 1279 765 Habiti
1294 727 1374 773 suit,

127 805 247 844 quum
265 795 347 844 ipse
367 795 549 844 poculum
569 794 747 840 dedisset,
768 793 894 831 subito
923 792 986 830 illa
1011 793 1051 829 in
1069 792 1198 830 media
1218 792 1378 842 potione

127 859 362 904 exclamavit,
397 871 438 897 se
474 859 645 896 maximo
682 870 771 896 cum
805 858 936 896 dolore
974 858 1094 895 mori:
1133 868 1205 895 nec
1239 856 1378 894 diutius
1397 871 1435 893 10

127 923 228 968 vixit,
257 936 374 973 quam
401 923 529 962 locuta
565 930 643 961 est:
682 935 773 960 narn
810 923 850 960 in
886 922 971 972 ipso
1011 932 1186 960 sermone
1224 921 1300 959 hoc
1339 926 1378 958 et

127 988 399 1027 vociferatione
444 995 595 1026 mortua
632 994 700 1026 est.
774 987 824 1025 Et
870 987 920 1026 ad
957 986 1058 1025 hanc
1094 992 1259 1024 mortem
1296 992 1376 1023 tam

130 1054 379 1103 repentinam,
410 1065 622 1103 vocemque
650 1053 858 1098 morientis,
889 1052 1020 1090 omnia
1048 1058 1257 1101 praeterea,
1278 1061 1376 1100 quae

130 1119 253 1156 solent
282 1130 367 1156 esse
399 1118 539 1156 indicia
567 1124 604 1156 et
632 1118 789 1168 vestigia
816 1117 964 1163 veneni,
993 1117 1034 1154 in
1070 1116 1167 1154 illius
1204 1122 1379 1153 mortuae

135 1195 299 1233 corpore
322 1183 482 1221 fuerunt.
1406 1194 1444 1225 15

183 1252 238 1286 11.
282 1261 342 1297 31.
382 1247 609 1297 Eodemque
655 1259 804 1286 veneno
852 1246 897 1285 C.
927 1245 1189 1296 Oppianicum
1227 1244 1379 1283 fratrem

131 1313 291 1351 necavit.
347 1312 486 1362 Neque
515 1319 573 1350 est
599 1312 675 1350 hoc
704 1313 816 1350 satis:
854 1312 1004 1349 tametsi
1031 1311 1071 1348 in
1099 1311 1185 1360 ipso
1214 1309 1378 1347 fraterno

131 1377 333 1428 parricidio
368 1377 512 1414 nullum
541 1377 666 1415 scelus
696 1377 1006 1426 praetermissum
1035 1375 1203 1422 videtur;
1242 1381 1381 1420 tamen,

133 1449 173 1480 ut
210 1441 259 1479 ad
286 1441 361 1479 hoc
389 1441 576 1479 nefarium
605 1441 751 1479 facinus
779 1441 989 1487 accederet,
1020 1440 1164 1478 aditum
1193 1440 1265 1478 sibi
1298 1439 1379 1477 aliis

133 1507 338 1545 sceleribus
362 1512 448 1544 ante
468 1506 637 1543 munivit.
695 1505 798 1543 Nam
817 1518 937 1555 quum
957 1511 1058 1544 esset
1075 1504 1231 1554 gravida
1250 1504 1378 1549 Auria,
1396 1518 1438 1540 20

132 1571 255 1610 fratris
275 1583 383 1616 uxor,
402 1577 440 1608 et
459 1571 535 1608 iam
554 1571 860 1621 appropinquare
879 1577 1010 1620 partus
1029 1570 1216 1607 videretur
1232 1581 1240 1606 :
1269 1569 1379 1606 muli-

132 1648 237 1674 erem
259 1647 410 1673 veneno
438 1635 634 1682 interfecit,
653 1642 695 1673 ut
722 1647 799 1673 una
826 1635 928 1682 illud,
949 1635 1054 1686 quod
1083 1640 1163 1672 erat
1190 1646 1238 1672 ex
1267 1633 1380 1672 fratre

133 1707 375 1750 conceptum,
403 1706 610 1739 necaretur.
666 1699 758 1739 Post
786 1699 939 1738 fratrem
967 1711 1171 1749 aggressus
1200 1705 1276 1736 est:
1315 1699 1381 1748 qui

133 1777 232 1811 sero,
261 1765 338 1803 iam
367 1765 553 1802 exhausto
581 1765 645 1803 illo
674 1764 814 1814 poculo
842 1764 988 1810 mortis,
1017 1775 1137 1813 quum
1166 1769 1204 1801 et
1232 1763 1280 1801 de
1310 1774 1381 1801 suo

135 1835 173 1868 et
205 1829 253 1868 de
284 1830 416 1867 uxoris
453 1830 604 1867 interitu
634 1829 822 1876 clamaret,
850 1835 1199 1878 testamentumque
1232 1834 1380 1866 mutare
1397 1843 1436 1876 25

135 1901 299 1943 cuperet,
327 1894 367 1931 in
396 1894 479 1943 ipsa
507 1894 784 1943 significatione
812 1894 923 1932 huius
952 1894 1156 1932 voluntatis
1194 1899 1251 1931 est
1278 1905 1381 1931 mor-

136 1965 232 1996 tuus.
289 1958 348 1997 Ita
367 1959 574 2006 mulierem,
595 1972 645 1997 ne
673 1966 785 2009 partu
803 1960 884 1997 eius
912 1960 962 1996 ab
982 1958 1189 1997 hereditate
1219 1957 1383 1996 fraterna

136 2022 408 2070 excluderetur,
428 2025 599 2062 necavit:
630 2023 751 2062 fratris
779 2030 906 2061 autem
925 2023 1065 2061 liberos
1089 2023 1192 2072 prius
1212 2023 1287 2060 vita
1306 2023 1381 2072 pri-

137 2086 246 2133 vavit,
265 2099 381 2137 quarn
400 2087 450 2125 illi
478 2087 577 2126 hanc
602 2088 651 2125 ab
670 2095 806 2126 natura
832 2088 1027 2137 propriam
1054 2087 1180 2125 lucem
1208 2087 1381 2135 accipere

138 2157 363 2200 potuerunt:
391 2158 433 2190 ut
457 2164 595 2190 omnes
623 2153 883 2202 intelligerent,
902 2152 995 2190 nihil
1022 2153 1057 2190 ei
1085 2152 1268 2197 clausum,
1290 2150 1380 2188 nihil
1394 2167 1437 2196 30

140 2221 313 2253 sanctum
339 2228 423 2255 esse
451 2229 577 2266 posse,
608 2218 715 2255 cuius
743 2218 792 2255 ab
821 2217 982 2256 audacia
1010 2217 1133 2254 fratris
1163 2216 1301 2253 liberos
1331 2227 1381 2254 ne

134 2279 301 2319 -matemi
344 2281 498 2332 quidem
554 2282 726 2333 corporis
782 2281 957 2321 custodia
1009 2287 1138 2332 tegere
1183 2280 1379 2330 potuisset.
