1650 2554
274 160 357 204 134
634 159 686 190 M.
725 160 884 191 TULLII
913 160 1164 192 CICERONIS
1308 171 1360 195 oc.
1381 165 1441 200 63,
1461 164 1523 196 642
1543 188 1551 201 ,

272 274 357 301 esse
391 261 493 301 dixit.
549 262 751 303 Praeterea
784 277 934 303 servum
967 265 1071 303 illum
1103 265 1377 313 Nicostratum,
1405 279 1523 317 quem
1552 266 1556 268 ’

272 328 434 366 nimium
454 329 656 378 loquacem
676 330 805 376 fuisse,
827 343 872 368 ac
893 331 1055 368 nimium
1075 331 1234 369 domino
1254 331 1407 370 fidelem
1425 333 1522 371 arbi-

270 394 451 434 trabatur,
481 394 531 430 ab
563 394 638 432 hoc
668 394 911 433 adolescente
941 394 1160 445 Oppianico
1189 396 1227 433 in
1256 397 1523 446 quaestionem

270 459 485 508 postulavit.
549 458 627 497 Hic
661 471 781 508 quum
815 466 915 498 esset
948 460 1012 498 illo
1046 466 1219 510 tempore
1252 474 1357 511 puer,
1391 468 1429 499 et
1460 462 1523 500 illa

235 539 253 570 5
271 524 446 573 quaestio
467 524 514 562 de
533 525 650 574 patris
671 526 729 562 sui
749 532 871 563 morte
893 526 1071 564 constitui
1092 527 1299 564 diceretur:
1327 527 1398 565 etsi
1417 527 1522 566 illum

271 601 423 627 servum
456 596 494 627 et
527 590 598 627 sibi
630 590 860 628 benevolum
893 603 990 637 esse,
1019 597 1056 629 et
1089 592 1186 640 patri
1219 591 1335 630 fuisse
1365 592 1523 630 arbitra-

269 655 391 700 batur,
413 655 506 692 nihil
526 661 656 693 tamen
677 661 735 693 est
755 668 870 693 ausus
890 668 1076 694 recusare.
1133 656 1384 694 Advocantur
1409 658 1524 695 amici

270 725 309 757 et
338 719 511 769 hospites
541 719 745 770 Oppianici
777 727 814 758 et
844 721 964 770 ipsius
993 721 1161 759 mulieris
1194 722 1312 768 multi,
1345 722 1522 762 homines

269 783 433 831 honesti,
460 791 576 834 atque
603 786 783 823 omnibus
812 787 925 824 rebus
953 787 1088 824 ornati.
1145 786 1368 825 Tormentis
1396 788 1522 825 omni-

215 865 254 887 10
269 850 341 887 bus
362 850 705 888 vehementissimis
725 851 925 899 quaeritur.
985 851 1118 898 Quum
1142 857 1271 889 essent
1298 851 1415 889 animi
1443 863 1521 890 ser-

267 927 403 953 vorum
432 921 469 952 et
498 927 568 965 spe
597 921 634 953 et
667 923 771 953 metu
804 917 948 963 tentati,
978 923 1019 954 ut
1050 917 1193 966 aliquid
1226 917 1265 954 in
1296 917 1522 967 quaestione

270 980 460 1018 dicerent:
494 986 635 1027 tamen,
662 987 703 1018 ut
730 981 901 1027 arbitror,
930 982 1155 1019 auctoritate
1184 982 1458 1020 advocatorum
1483 989 1522 1020 et

269 1045 305 1082 vi
331 1051 611 1083 tormentorum
638 1046 805 1092 adducti,
829 1046 868 1083 in
891 1047 1046 1085 veritate
1075 1052 1310 1090 manserunt,
1330 1059 1456 1098 neque
1479 1059 1522 1086 se

269 1111 475 1160 quicquam
497 1112 592 1149 scire
613 1112 799 1149 dixerunt.
861 1121 948 1160 177.
978 1111 1165 1158 Quaestio
1189 1112 1252 1149 illo
1276 1111 1337 1149 die
1357 1112 1405 1149 de
1425 1112 1520 1149 ami-

215 1191 251 1222 15
270 1187 403 1213 corum
425 1177 613 1214 sententia
633 1177 789 1214 dimissa
808 1183 877 1214 est.
936 1176 1034 1215 Satis
1059 1177 1179 1226 longo
1206 1177 1404 1215 intervallo
1431 1184 1525 1227 post

267 1241 403 1278 iterum
430 1241 673 1279 advocantur.
733 1241 909 1279 Habetur
937 1242 985 1280 de
1013 1242 1163 1291 integro
1192 1243 1387 1292 quaestio:
1418 1243 1523 1280 nulla

267 1307 323 1343 vis
361 1312 640 1345 tormentorum
675 1307 948 1345 acerrimorum
985 1308 1315 1357 praetermittitur:
1359 1309 1526 1346 aversari-

268 1372 452 1418 advocafi,
482 1378 518 1410 et
549 1373 626 1410 iam
659 1372 721 1409 vix
755 1371 851 1409 ferre
880 1385 1018 1422 posse:
1058 1372 1180 1410 furere
1209 1372 1371 1411 crudelis
1404 1379 1520 1422 atque

268 1438 489 1488 importuna
514 1438 660 1484 mulier,
682 1438 754 1476 sibi
780 1450 1035 1488 nequaquam,
1056 1445 1098 1476 ut
1122 1444 1323 1488 sperasset,
1344 1450 1400 1484 ea,
1421 1450 1520 1488 quae

217 1518 255 1540 20
271 1503 488 1552 cogitasset,
523 1503 746 1552 procedere.
811 1502 943 1550 Quum
980 1504 1056 1541 iam
1089 1510 1209 1541 tortor
1242 1510 1357 1553 atque
1390 1510 1519 1542 essent

268 1574 458 1606 tormenta
495 1569 579 1618 ipsa
617 1567 776 1614 defessa,
810 1581 936 1618 neque
974 1575 1104 1606 tamen
1142 1569 1203 1606 illa
1240 1568 1357 1606 finem
1393 1568 1519 1607 facere

267 1633 399 1671 vellet:
438 1633 596 1683 quidam
625 1645 673 1670 ex
702 1634 907 1680 advocatis,
931 1633 1051 1671 homo
1079 1641 1116 1672 et
1145 1633 1357 1671 honoribus
1385 1633 1519 1683 populi

269 1704 437 1743 ornatus,
466 1704 504 1735 et
532 1710 683 1735 summa
710 1698 845 1736 virtute
874 1699 1079 1747 praeditus,
1107 1699 1315 1747 intelligere
1343 1710 1384 1736 se
1412 1698 1518 1745 dixit,

270 1775 351 1800 non
384 1762 424 1800 id
457 1763 530 1811 agi,
563 1769 605 1799 ut
637 1774 769 1800 verum
802 1764 1040 1809 inveniretur,
1074 1763 1143 1801 sed
1179 1769 1221 1800 ut
1255 1763 1398 1813 aliquid
1435 1763 1518 1802 falsi

214 1844 252 1875 ²5
272 1828 398 1866 dicere
420 1833 657 1877 cogerentur.
717 1827 808 1866 Hoc
834 1835 1041 1878 postquam
1067 1828 1181 1866 ceteri
1207 1829 1516 1877 comprobarunt,

271 1904 317 1930 ex
352 1892 527 1930 omnium
561 1892 748 1929 sententia
781 1893 1026 1930 constitutum
1065 1899 1134 1939 est,
1165 1892 1256 1930 satis
1286 1892 1403 1931 videri
1434 1905 1519 1932 esse

271 1957 500 2008 quaesitum.
561 1958 647 2004 178.
677 1956 864 1995 Redditur
889 1956 1110 2007 Oppianico
1133 1956 1395 1995 Nicostratus:
1425 1957 1519 1996 Lar-

270 2023 378 2060 inum
397 2022 482 2071 ipsa
500 2022 753 2071 proficiscitur
772 2034 860 2060 cum
881 2022 969 2068 suis,
990 2034 1178 2068 maerens,
1199 2022 1302 2072 quod
1320 2022 1396 2060 iam
1416 2029 1520 2062 certe

269 2087 503 2125 incolumem
523 2087 639 2124 filium
661 2086 741 2124 fore
761 2087 929 2136 putabat,
945 2087 995 2125 ad
1014 2099 1130 2136 quem
1150 2099 1230 2124 non
1252 2088 1373 2125 modo
1387 2100 1519 2126 verum

214 2169 256 2199 30
272 2153 427 2198 crimen,
458 2151 527 2189 sed
555 2164 604 2189 ne
634 2152 722 2189 ficta
750 2152 907 2201 quidem
936 2152 1103 2201 suspicio
1131 2153 1364 2201 perveniret:
1393 2159 1431 2190 et
1458 2153 1519 2191 eui

270 2229 351 2255 non
369 2216 489 2254 modo
510 2222 640 2266 aperta
659 2216 899 2254 inimicorum
918 2217 1169 2266 oppugnatio,
1190 2217 1258 2254 sed
1277 2229 1326 2255 ne
1345 2217 1518 2256 occultae

271 2282 426 2333 quidem
445 2281 576 2319 matris
596 2281 756 2319 insidiae
776 2293 917 2320 nocere
937 2282 1161 2333 potuissent.
1209 2281 1392 2321 Larinum
1410 2288 1530 2333 post-->
