1650 2554
257 161 312 206 52
695 156 1068 190 INTRODUCTION.

351 265 370 308 §
392 275 447 299 20.
497 264 507 283 ‘
518 262 625 298 rebus
641 262 712 297 suis
730 262 952 297 diffidentem
964 263 1032 287 ’'—‘
1045 260 1267 297 diffidentem
1281 263 1389 299 rebus
1404 260 1507 300 suis!

351 323 370 367 §
393 333 448 357 21.
497 322 555 356 ‘et
570 321 639 356 fuit
655 321 751 365 apud
767 331 851 356 eum
863 321 932 345 ’—‘
942 325 980 355 et
996 321 1090 365 apud
1107 332 1190 355 eum
1206 320 1300 357 fuit.’

382 406 405 425 ‚‚
498 381 508 400 ‘
518 384 682 415 mortuus
699 384 753 414 est
764 380 833 404 ’—‘
843 383 897 414 est
915 379 1100 414 mortuus.’

382 464 405 483 ‚‚
496 438 545 473 ‘is
561 438 733 473 heredem
753 437 841 473 fecit
852 438 921 463 ’—‘
931 439 960 472 is
976 438 1064 472 fecit
1080 438 1276 474 heredem!

382 504 417 543 „¹
500 498 653 532 ‘sororis
669 497 781 532 filium
798 508 883 532 suae
894 497 963 523 ’—‘
974 497 1106 532 sororis
1122 508 1206 533 suae
1223 497 1357 533 filium.'

354 558 373 601 §
394 569 448 592 22.
497 557 507 576 ‘
519 561 663 591 mortua
681 561 736 591 est
747 557 816 582 '-—‘
828 560 884 591 est
901 556 1067 592 mortua?

263 682 386 716 CLASS
403 681 613 716 V.—-Words
642 682 758 715 which
790 694 869 724 may
894 680 931 715 be
962 681 1107 716 inserted
1133 694 1171 716 or
1203 682 1340 716 omitted
1367 683 1514 717 without

347 740 533 785 producing
547 752 614 783 any
630 738 793 773 material
805 740 933 784 change
948 740 983 774 in
1000 740 1055 774 the
1056 741 1159 783 jbrce
1175 740 1218 784 ⁰f
1226 741 1280 775 the
1296 740 1418 775 clause.

310 831 372 865 To
403 831 475 865 this
507 831 595 866 class
627 830 758 874 belong
789 841 974 875 pronouns
1002 830 1045 865 of
1071 831 1134 866 the
1167 831 1243 867 first
1276 832 1348 867 and
1379 832 1515 868 second

262 900 416 935 person3
450 889 486 923 in
510 889 648 924 certain
674 899 783 932 cases,
806 889 1003 933 possessive
1027 890 1098 924 and
1123 890 1404 925 demonstrative
1429 901 1516 936 pro-

262 958 398 991 nouns;
438 947 512 982 also
544 958 644 981 some
683 947 935 992 prepositions,
973 948 1161 993 especially
1195 948 1291 992 ‘in3’
1330 948 1394 984 the
1427 949 1515 984 verb

265 1005 386 1049 ‘sum‚’
415 1005 604 1050 especially
634 1005 724 1039 ‘est'
754 1005 825 1040 and
858 1005 992 1049 ‘esse3’
1031 1006 1151 1040 words
1184 1007 1356 1050 repeated
1388 1007 1424 1041 in
1453 1007 1516 1042 the

264 1074 361 1098 same
390 1063 528 1106 clause3
562 1062 625 1097 the
654 1062 756 1097 word
786 1062 965 1106 ‘iudices,’
994 1063 1065 1098 and
1097 1063 1160 1098 the
1193 1064 1275 1108 like,
1305 1075 1343 1100 as
1371 1065 1442 1100 will
1469 1065 1516 1100 be

263 1121 488 1157 understood
504 1120 599 1155 from
616 1121 679 1155 the
695 1120 878 1165 following
895 1121 1076 1167 examples
1087 1132 1144 1156 :—

313 1192 332 1235 §
363 1201 415 1233 17.
467 1190 550 1224 ‘sed
567 1200 610 1224 ea
620 1190 689 1215 '—‘
699 1190 762 1224 sed
780 1201 847 1234 ego
865 1191 931 1226 ea!

313 1250 332 1293 §
386 1260 418 1291 3.
466 1249 475 1267 ‘
486 1252 527 1282 ut
543 1259 606 1282 vos
623 1258 695 1282 non
713 1249 924 1283 existimetis
936 1249 1008 1274 ⁹——‘
1016 1253 1058 1284 ut
1075 1260 1148 1284 non
1166 1250 1401 1286 existimetis!

313 1308 332 1351 §
384 1318 417 1349 9.
467 1307 560 1351 ‘quo
584 1306 768 1341 inimicum
791 1317 895 1341 suum
918 1307 1151 1342 innocentem
1163 1308 1232 1334 ’—‘
1243 1319 1316 1354 quo
1334 1308 1521 1344 inimicum

547 1364 804 1400 innocentem.'

390 1434 419 1458 1.
471 1424 480 1442 ‘
491 1422 655 1466 Magium
673 1422 823 1457 fratrem
840 1434 944 1458 suum
955 1423 1026 1450 ’—‘
1037 1423 1200 1468 Magium
1216 1423 1392 1461 fratrem.’

385 1491 420 1515 0.
469 1481 479 1499 ‘
490 1479 622 1514 Aurius
640 1479 752 1514 frater
763 1480 833 1506 ’-‘
844 1480 974 1515 Aurius
991 1480 1106 1516 frater
1122 1481 1221 1518 eius:

390 1551 403 1572 1
469 1539 478 1557 ‘
489 1538 549 1583 qui
567 1539 749 1572 nuntiaret
759 1539 829 1564 '—‘
840 1539 901 1583 qui
918 1540 1100 1575 nuntiaret
1117 1541 1176 1576 ei.’

387 1607 420 1638 7.
469 1596 516 1630 ‘si
534 1606 627 1641 quae
640 1596 709 1620 '—‘
719 1596 746 1630 si
764 1606 807 1631 ea
824 1597 939 1641 quae.’

390 1665 404 1688 1

390 1723 408 1754 5

392 1781 408 1802 2

364 1435 380 1514 ΝΜ

365 1551 381 1573 N

412 1679 420 1688 .
471 1654 481 1672 ‘
491 1653 701 1688 defensione
713 1654 781 1678 '—‘
791 1654 828 1688 in
846 1653 1079 1690 defensione?

414 1738 422 1746 .
472 1712 482 1730 ‘
493 1711 562 1745 hoc
578 1711 660 1745 loco
671 1711 739 1736 '-‘
750 1711 786 1745 in
803 1711 873 1746 hoc
890 1711 1014 1747 loco¹.’

370 1781 383 1803 1
414 1795 422 1804 .

316 1424 338 1813 εθτύὶθῑθῖῑθιῑθὶφὶ

473 1770 566 1814 ‘quo
595 1769 691 1803 enim
721 1768 836 1813 ipsum
865 1780 998 1804 nomen
1009 1770 1079 1796 ‘—‘
1088 1781 1162 1816 quo
1195 1772 1293 1806 enim
1320 1776 1375 1807 est
1406 1773 1523 1819 ipsum

551 1826 708 1862 nomen!

322 1887 341 1931 §
373 1887 425 1920 16.
470 1885 628 1928 ‘gravius
646 1884 851 1919 faciendum
863 1884 932 1910 '—‘
941 1885 1080 1930 gravius
1097 1897 1173 1922 esse
1189 1887 1419 1926 faciendum!

323 1945 342 1988 §
365 1955 419 1986 23.
469 1944 478 1961 ‘
489 1943 691 1976 delaturum
708 1946 862 1978 testatur
874 1944 943 1969 ’—‘
954 1944 1156 1979 delaturum
1173 1956 1250 1980 esse
1266 1947 1447 1983 testatur!

323 2002 342 2046 §
392 2014 426 2044 4.
474 2001 531 2034 ‘in
553 2001 670 2045 aliqua
691 2001 892 2046 perniciosa
908 2002 1051 2037 flamma
1073 2006 1183 2048 atque
1201 2005 1383 2040 communi
1400 2005 1525 2041 incen-

554 2058 614 2094 dio
626 2059 695 2085 ’—‘
705 2060 742 2093 in
775 2059 892 2104 aliqua
927 2061 1126 2105 perniciosa
1159 2061 1302 2098 flamma
1340 2066 1450 2110 atque
1488 2065 1524 2099 in

555 2118 737 2151 communi
762 2118 942 2153 incendio.
944 2119 952 2133 '

320 2210 332 2228 ¹
355 2212 389 2241 In
405 2213 440 2246 6
454 2213 470 2249 ξ
486 2216 535 2251 17,
553 2210 604 2241 the
619 2210 763 2240 insertion
776 2221 810 2242 or
826 2212 969 2242 omission
985 2213 1022 2243 of
1042 2212 1094 2244 the
1109 2214 1299 2256 preposition
1311 2215 1343 2246 in
1359 2215 1412 2247 the
1423 2217 1523 2248 clause

278 2257 326 2285 ‘in
342 2254 418 2294 ipsa’
436 2256 458 2284 is
475 2254 717 2304 important--in¹
730 2256 760 2291 1,
780 2258 795 2293 §
815 2264 844 2295 3,
859 2256 912 2285 the
927 2257 1072 2287 omission
1088 2258 1144 2288 of‘
1156 2256 1200 2289 in'
1217 2259 1341 2290 before‘
1358 2251 1488 2291 invidia'
1499 2261 1524 2291 is

276 2298 437 2339 positively
454 2307 568 2340 wrong,
585 2298 644 2328 and
659 2308 692 2328 so
709 2298 740 2329 in
755 2308 845 2339 many
863 2309 953 2330 cases.
