1650 2554
276 151 330 207 98
648 161 699 193 M.
725 159 884 193 TULLII
913 148 1162 193 CICERONIS
1316 170 1370 195 οο.
1389 163 1451 199 84,
1471 162 1531 195 35.

276 266 503 316 putabatur.'
561 265 668 305 Num
693 267 805 317 igitur
833 267 908 305 hoc
937 274 1112 316 tempore
1136 277 1252 304 causa
1278 271 1424 304 mutata
1447 266 1532 304 est?

277 345 371 370 num
406 333 479 371 alia
511 345 582 379 res,
617 333 689 371 alia
718 334 814 371 ratio
846 332 944 370 illius
977 332 1116 378 iudicii,
1149 332 1222 370 alia
1251 337 1386 370 natura
1415 332 1532 369 totius

276 398 422 448 negotii
469 411 572 436 nunc
612 405 679 444 est,
718 411 763 437 ac
810 405 892 436 tum
930 398 1024 436 fuit?
1080 397 1174 436 Non
1211 398 1362 448 opinor,
1401 410 1449 436 ex
1486 398 1532 436 iis

275 465 402 510 rebus,
442 476 541 514 quae
584 469 715 513 gestae
763 470 862 509 sunt,
900 475 983 501 rem
1019 462 1136 501 ullam
1173 463 1344 513 potuisse
1380 463 1529 501 mutari.

240 546 257 577 5
275 543 336 578 93.
358 529 465 577 Quid
500 541 595 578 ergo
633 535 689 566 est
728 541 876 574 causae,
909 527 1014 579 quod
1050 540 1154 567 nunc
1191 534 1323 567 nostra
1357 527 1531 566 defensio

278 595 451 633 audiatur
470 601 577 632 tanto
598 594 759 640 silentio,
779 601 870 632 tunc
890 594 1004 632 Iunio
1025 593 1256 633 defendendi
1283 593 1341 632 sui
1359 600 1532 645 potestas

279 667 409 710 erepta
438 661 511 699 sit?
567 659 670 707 Quia
698 666 781 698 tum
808 661 848 697 in
877 671 994 698 causa
1021 659 1124 705 nihil,
1142 666 1232 706 erat,
1259 666 1409 710 praeter
1436 660 1531 698 invi-

279 727 393 773 diam,
426 738 606 772 errorem,
639 726 912 775 suspicionem,
943 726 1153 764 conciones
1184 725 1439 776 quotidianas,
1471 738 1530 765 se-

281 793 416 830 ditiose
455 804 500 829 ac
538 791 771 842 populariter
809 791 1028 829 concitatas.
1100 791 1320 829 Accusabat
1356 792 1531 830 tribunus

223 874 262 895 10
278 857 400 907 plebis
428 857 533 895 idem
562 858 601 894 in
631 857 895 903 concionibus,
915 857 1018 894 idem
1046 857 1097 895 ad
1126 856 1326 895 subsellia:
1356 857 1406 895 ad
1433 857 1530 895 iudi-

278 923 380 960 cium
426 934 507 960 non
553 923 673 961 modo
711 922 760 960 de
806 922 1005 968 concione,
1045 921 1114 959 sed
1152 922 1267 960 etiam
1312 934 1402 960 cum
1447 923 1532 972 ipsa

284 989 473 1026 concione
502 988 687 1026 veniebat.
747 987 900 1027 Gradus
928 987 979 1025 illi
1008 986 1151 1025 Aurelii
1181 993 1263 1025 tum
1290 988 1391 1035 novi,
1421 988 1531 1038 quasi

280 1065 352 1103 pro
381 1054 528 1091 theatro
565 1053 616 1091 illi
652 1053 791 1092 iudicio
831 1053 1016 1092 aedificati
1045 1053 1290 1091 videbantur:
1329 1065 1429 1103 quos
1466 1054 1531 1091 ubi

280 1126 482 1158 accusator
529 1119 728 1157 concitatis
765 1119 984 1157 hominibus
1032 1118 1251 1168 complerat,
1289 1130 1372 1157 non
1409 1119 1531 1157 modo

229 1200 264 1232 15
283 1184 435 1223 dicendi
474 1184 523 1221 ab
552 1196 630 1230 reo,
660 1184 729 1222 sed
767 1197 817 1222 ne
846 1183 1026 1233 surgendi
1055 1184 1211 1234 quidem
1239 1190 1409 1234 potestas
1437 1190 1531 1223 erat.

282 1264 345 1300 94.
367 1249 502 1300 Nuper
538 1249 642 1300 apud
680 1249 724 1288 C.
756 1249 994 1296 Orchinium,
1026 1249 1215 1300 collegam
1251 1262 1393 1296 meum,
1422 1249 1532 1288 locus

281 1317 331 1354 ab
359 1315 548 1354 iudicibus
577 1315 720 1353 Fausto
743 1314 869 1352 Sullae
897 1315 945 1352 de
974 1315 1147 1365 pecuniis
1175 1315 1338 1354 residuis
1365 1327 1446 1354 non
1474 1322 1533 1355 est

279 1381 531 1419 constitutus:
560 1392 641 1418 non
669 1379 774 1430 quod
802 1379 853 1417 illi
882 1386 946 1418 aut
974 1380 1150 1430 exlegem
1178 1392 1262 1419 esse
1293 1379 1448 1427 Sullam,
1467 1387 1534 1420 aut

281 1458 438 1484 causam
469 1446 656 1495 pecuniae
686 1445 862 1495 publicae
900 1451 1164 1495 contemptam
1193 1452 1307 1496 atque
1344 1446 1532 1484 abiectam

227 1528 266 1550 20
281 1518 482 1562 putarent;
514 1511 583 1549 sed
603 1511 720 1561 quod,
741 1517 945 1549 accusante
975 1511 1127 1548 tribuno
1156 1510 1290 1561 plebis,
1311 1511 1532 1550 conditione

282 1589 406 1627 aequa
424 1577 627 1626 disceptari
647 1588 763 1626 posse
784 1588 864 1614 non
883 1582 1121 1626 putaverunt.
1179 1575 1312 1623 Quid?
1335 1576 1533 1615 conferam

282 1642 476 1680 Sullamne
516 1654 605 1680 cum
643 1641 783 1680 Iunio?
822 1654 871 1679 an
909 1641 1013 1679 hunc
1051 1642 1246 1679 tribunum
1284 1641 1406 1691 plebis
1444 1653 1533 1680 cum

281 1706 471 1754 Quintio?
502 1719 552 1744 an
571 1718 661 1744 vero
682 1713 833 1756 tempus
853 1718 943 1744 cum
971 1706 1170 1756 tempore?
1227 1705 1331 1744 Sulla
1355 1706 1534 1745 maximis

282 1774 434 1824 opibus,
469 1773 655 1822 cognatis,
691 1772 878 1817 affinibus,
913 1772 1150 1819 necessariis,
1185 1772 1384 1811 clientibus
1418 1772 1534 1823 pluri-

227 1855 263 1886 25
282 1839 377 1876 mis:
425 1837 522 1876 haec
560 1844 687 1875 autem
725 1836 828 1886 apud
865 1836 1019 1874 Iunium
1056 1849 1185 1887 parva,
1223 1843 1261 1875 et
1298 1837 1459 1885 infirma,
1497 1843 1536 1876 et

281 1904 400 1954 ipsius
449 1903 579 1941 labore
617 1903 790 1952 quaesita
837 1908 951 1953 atque
998 1902 1168 1940 collecta.
1243 1901 1322 1941 Hic
1359 1903 1534 1942 tribunus

280 1969 414 2020 plebis,
454 1968 664 2014 modestus,
701 1968 862 2018 pudens,
901 1979 982 2005 non
1023 1967 1143 2006 modo
1190 1979 1271 2006 non
1318 1967 1534 2014 seditiosus,

283 2033 350 2073 sed
388 2034 503 2072 etiam
547 2034 736 2072 seditiosis
774 2033 1035 2071 adversarius:
1083 2032 1144 2070 ille
1190 2040 1317 2071 autem
1361 2034 1534 2081 acerbus,

284 2101 523 2145 criminosus,
561 2099 756 2150 popularis
794 2099 914 2137 homo
953 2111 998 2138 ac
1037 2098 1286 2136 turbulentus.
1357 2098 1534 2151 Tempus

226 2181 269 2213 30
283 2166 359 2204 hoc
388 2165 632 2214 tranquillum
661 2171 774 2214 atque
804 2171 1006 2214 pacatum:
1041 2163 1133 2202 illud
1162 2164 1342 2202 omnibus
1371 2165 1534 2204 invidiae

284 2230 572 2280 tempestatibus
612 2230 855 2268 concitatum.
925 2229 1036 2276 Quae
1073 2241 1192 2279 quum
1229 2229 1282 2268 ita
1318 2236 1457 2277 essent,
1493 2231 1534 2269 in

286 2296 429 2334 Fausto
458 2302 586 2334 tamen
621 2295 688 2343 [illi
716 2294 877 2343 iudices]
912 2301 1132 2341 statuerunt,
1153 2294 1283 2344 iniqua
1310 2295 1533 2335 conditione
