1650 2554
182 187 422 239 §⁵190-i96·
483 198 660 230 ORATIO
688 199 784 231 PRO
813 198 858 231 A.
889 199 1132 232 CLUENTIO.
1348 205 1424 245 141

180 303 460 342 consceleratae
479 304 609 343 matris
627 310 786 355 putaret.
835 304 972 355 Itaque
990 305 1096 344 nullo
1117 305 1156 343 in
1172 304 1317 355 oppido
1333 318 1425 344 con-

180 367 338 406 sistendi
357 374 529 418 potestas
547 369 582 407 ei
601 369 693 407 fuit:
722 381 839 408 nemo
858 382 906 408 ex
925 375 983 407 tot
1008 369 1224 420 hospitibus
1250 371 1425 409 inventus

179 440 248 479 est,
276 434 342 483 qui
372 446 454 472 non
483 435 757 484 contagionem
790 434 993 484 adspectus
1022 434 1180 494 fugeret.
1237 434 1354 473 Nocti
1384 448 1425 474 se

178 497 306 545 potius
331 510 377 536 ac
403 499 609 544 solitudini,
629 511 746 549 quam
773 499 839 537 ulli
865 505 930 537 aut
953 499 1038 537 urbi
1063 506 1128 538 aut
1153 499 1293 550 hospiti
1319 512 1425 538 com-

177 562 359 600 mittebat.
423 575 508 612 194.
537 562 653 602 Nunc
673 576 762 602 vero
782 564 874 613 quid
894 570 994 614 agat,
1014 564 1107 614 quid
1125 565 1312 611 moliatur,
1333 565 1423 615 quid
1439 580 1458 613 5

177 626 343 677 denique
372 628 542 678 quotidie
571 628 725 677 cogitet,
749 640 866 678 quem
889 629 1065 679 ignorare
1091 635 1266 668 nostrum
1291 631 1424 680 putat?

177 691 289 738 Quos
329 693 536 743 appellarit,
574 694 712 744 quibus
749 695 955 744 pecuniam
992 695 1220 745 promiserit,
1258 708 1424 746 quorum

177 756 293 795 fidem
312 759 435 807 pretio
461 757 688 796 labefactare
708 766 846 797 conata
863 759 923 805 sit,
942 766 1129 798 tenemus.
1185 759 1290 807 Quin
1309 761 1423 798 etiam

175 829 366 860 nocturna
384 822 581 867 sacrificia,
603 834 702 872 quae
728 830 836 873 putat
861 824 1070 863 occultiora
1089 837 1185 871 esse,
1206 825 1422 864 sceleratas-

176 898 252 936 que
278 887 359 925 eius
385 900 530 937 preces,
551 893 588 924 et
611 888 755 926 nefaria
777 895 867 927 vota
891 890 1170 939 cognovimus:
1201 891 1339 941 quibus
1361 891 1423 928 illa
1441 907 1479 928 10

176 951 291 990 etiam
328 951 423 990 deos
461 952 694 990 immortales
733 952 781 991 de
814 966 885 992 suo
919 954 1062 993 scelere
1094 961 1262 1002 testatur,
1295 968 1422 1007 neque

175 1017 359 1067 intelligit,
386 1017 538 1067 pietate,
565 1025 603 1055 et
628 1017 824 1068 religione,
851 1025 889 1057 et
913 1019 1020 1058 iustis
1046 1021 1235 1070 precibus,
1263 1021 1423 1060 deorum

175 1088 334 1128 mentes,
362 1094 442 1120 non
468 1084 729 1121 contaminata
755 1085 1036 1134 superstitione,
1063 1097 1190 1135 neque
1219 1086 1269 1124 ad
1298 1087 1422 1125 scelus

175 1146 451 1196 perficiendum
488 1149 611 1187 caesis
648 1148 780 1187 hostiis
821 1161 939 1199 posse
975 1149 1130 1199 placari.
1190 1150 1309 1189 Cuius
1346 1163 1422 1202 ego

176 1210 343 1250 furorem
373 1218 486 1261 atque
514 1213 777 1252 crudelitatem
806 1214 901 1252 deos
930 1215 1164 1253 immortales
1192 1228 1215 1254 a
1243 1217 1320 1254 suis
1347 1217 1421 1255 aris
1438 1232 1475 1264 15

177 1283 291 1326 atque
310 1277 460 1326 templis
480 1284 706 1327 aspernatos
725 1291 810 1317 esse
829 1279 997 1318 confido.

230 1345 304 1380 69.
346 1351 432 1390 195.
454 1341 550 1388 Vos,
570 1343 726 1389 iudices,
742 1355 842 1394 quos
858 1343 944 1382 huic
963 1344 1011 1382 A.
1031 1344 1209 1384 Cluentio
1229 1346 1419 1396 quosdam

177 1406 272 1445 alios
308 1405 403 1444 deos
439 1407 489 1445 ad
526 1419 642 1445 omne
671 1408 769 1446 vitae
806 1415 959 1458 tempus
990 1409 1142 1448 fortuna
1177 1423 1262 1449 esse
1292 1412 1420 1458 voluit,

176 1471 287 1509 huius
305 1472 630 1522 importunitatem
648 1473 779 1511 matris
799 1485 822 1510 a
841 1473 906 1511 filii
925 1474 1048 1524 capite
1064 1474 1252 1525 depellite.
1308 1476 1420 1515 Multi

177 1548 291 1586 saepe
319 1536 359 1573 in
387 1536 593 1575 iudicando
621 1544 781 1587 peccata
802 1538 964 1576 liberum
986 1546 1188 1589 parentum
1207 1541 1419 1580 misericor·
1436 1559 1477 1580 20

177 1601 262 1639 diae
299 1608 593 1639 concesserunt:
639 1614 718 1648 vos,
757 1614 806 1640 ne
842 1602 953 1641 huius
990 1603 1260 1644 honestissime
1293 1613 1419 1644 actam

176 1667 291 1704 vitam
317 1666 447 1704 matris
473 1666 683 1704 crudelitati
706 1667 945 1714 condonetis,
964 1680 1168 1718 rogamus:
1198 1672 1420 1720 praesertim

176 1743 296 1782 quum
324 1743 372 1769 ex
401 1731 516 1769 altera
543 1738 649 1781 parte
677 1738 801 1770 totum
826 1733 1078 1783 municipium
1100 1734 1228 1773 videre
1253 1737 1417 1786 possitis.

176 1796 325 1836 Omnes
355 1797 502 1843 scitote,
530 1797 675 1836 iudices
704 1797 941 1850 (incredibile
971 1799 1075 1837 dictu
1105 1806 1174 1846 est,
1204 1801 1273 1839 sed
1303 1814 1327 1840 a
1355 1814 1420 1840 me

176 1862 367 1900 verissime
388 1859 561 1912 dicetur),
580 1874 717 1901 omnes
737 1862 946 1910 Larinates,
962 1864 1027 1914 qui
1047 1866 1253 1912 valuerunt,
1271 1867 1419 1906 venisse
1436 1883 1474 1916 25

177 1925 354 1973 Romam,
374 1933 416 1964 ut
440 1926 541 1964 hunc
567 1927 694 1966 studio
717 1927 1003 1979 frequentiaque
1023 1941 1102 1976 sua,
1123 1938 1309 1980 quantum
1328 1944 1419 1982 pos-

177 1997 272 2036 sent,
291 1991 331 2028 in
349 1997 458 2029 tanto
477 1991 558 2029 eius
583 1991 755 2041 periculo
781 1993 1044 2032 sublevarent:
1074 1996 1201 2044 pueris
1226 1996 1319 2035 illud
1344 1996 1420 2035 hoc

177 2061 349 2105 tempore
381 2062 419 2094 et
450 2055 672 2094 mulieribus
710 2057 898 2106 oppidum
936 2059 1068 2097 scitote
1106 2072 1192 2098 esse
1227 2061 1419 2108 traditum,

177 2119 291 2169 idque
318 2119 357 2157 in
386 2121 610 2169 praesentia,
631 2122 829 2159 communi
852 2122 983 2162 Italiae
1008 2136 1115 2174 pace,
1135 2125 1174 2162 in
1200 2124 1419 2164 domesticis

179 2183 300 2232 copiis
335 2196 420 2222 esse
458 2191 592 2223 totum.
649 2184 761 2231 Quos
797 2192 927 2226 tamen
963 2188 1069 2238 ipsos
1101 2201 1234 2239 aeque,
1268 2196 1305 2228 et
1338 2196 1421 2237 eos,
1433 2207 1477 2237 30

177 2258 276 2297 quos
317 2257 537 2297 praesentes
578 2249 725 2295 videtis,
763 2250 875 2290 huius
912 2254 1126 2302 expectatio
1167 2253 1294 2292 iudicii
1337 2254 1418 2302 dies

179 2316 387 2362 noctesque
407 2313 592 2352 sollicitat.
641 2315 726 2362 196.
748 2313 840 2353 Non
859 2316 910 2354 illi
928 2328 997 2356 vos
1017 2317 1065 2356 de
1083 2318 1197 2357 unius
1216 2319 1418 2369 municipis
