1650 2554
267 125 319 167 88
607 137 658 171 M.
693 138 854 171 TULLII
881 139 1016 171 cmm
1022 138 1130 171 oms
1287 148 1341 176 00.
1361 140 1515 174 *ΔΒ-επ

266 241 411 280 facilius
444 242 615 290 credetis,
644 243 675 282 si
710 256 799 282 cum
832 244 968 283 animis
1000 245 1134 283 vestris
1164 243 1285 294 longo
1317 243 1515 283 intervallo

266 308 460 346 recordari
493 308 535 347 C.
563 308 706 365 Staieni
735 311 850 349 vitam
880 317 917 349 et
947 317 1123 350 naturam
1152 310 1355 349 volueritis.
1413 310 1517 348 Nam

267 374 427 424 perinde
454 380 496 412 ut
525 374 657 424 opinio
687 381 744 413 est
773 376 820 414 de
849 376 1032 426 cuiusque
1061 376 1244 422 moribus,
1264 376 1326 423 ita,
1347 375 1440 426 quid
1467 376 1517 413 ab

268 451 316 477 eo
334 438 480 478 factum
499 445 536 478 et
556 452 636 478 non
656 440 799 478 factum
819 442 875 487 sit,
897 441 1102 479 existimari
1122 447 1260 492 potest.

231 520 249 552 5
320 509 387 543 26.
418 504 550 551 Quum
583 512 684 543 esset
721 518 851 556 egens,
886 513 1148 556 sumptuosus,
1180 507 1316 553 audaX,
1347 506 1516 553 callidus,

267 570 505 620 perfidiosus,
535 575 573 608 et
606 583 725 620 quum
759 571 864 610 domi
897 583 999 618 suae,
1029 572 1248 610 miserrimis
1285 572 1325 611 in
1355 571 1450 610 locis
1479 577 1518 610 et

267 636 511 682 inanissimis,
550 642 700 674 tantum
746 649 994 675 nummorum
1039 637 1208 687 positum
1251 637 1420 686 videret,
1468 637 1519 676 ad

268 713 425 739 omnem
471 702 653 739 malitiam
699 708 738 740 et
783 701 955 740 fraudem
995 714 1145 741 versare
1191 709 1362 741 mentem
1409 714 1518 741 suam

268 768 418 817 coepit:
447 767 601 806 Demne
629 768 847 806 iudicibus?
876 768 968 806 mihi
997 768 1110 817 igitur
1139 768 1224 818 ipsi,
1243 774 1392 818 praeter
1419 768 1517 818 peri-

214 848 252 870 10
268 833 396 871 culum
434 839 471 871 et
507 833 716 880 infamiam,
753 834 845 884 quid
882 835 1110 883 quaeretur?
1159 834 1251 871 nihil
1289 834 1518 884 excogitem,

268 899 520 948 quamobrem
554 898 772 949 Oppianico
804 899 976 937 damnari
1006 911 1165 938 necesse
1198 899 1273 938 sit?
1311 899 1403 950 quid
1434 905 1518 938 tan-

268 963 383 1002 dem?
421 963 512 1001 nihil
550 964 654 1003 enim
692 971 759 1011 est,
791 965 897 1014 quod
926 964 1006 1003 fieri
1044 977 1124 1003 non
1161 964 1294 1015 possit.
1353 964 1392 1003 Si
1430 965 1518 1015 quis

267 1041 357 1067 eum
376 1029 472 1067 forte
501 1041 612 1067 casus
642 1042 690 1068 ex
718 1029 887 1079 periculo
917 1030 1106 1079 eripuerit,
1127 1042 1258 1068 nonne
1278 1030 1519 1069 reddendum

269 1095 352 1133 est?
408 1095 727 1145 Praecipitantem
763 1095 877 1145 igitur
914 1096 1165 1145 impellamus,
1195 1095 1326 1145 inquit,
1359 1102 1397 1134 et
1433 1107 1519 1146 per-

216 1177 252 1208 15
269 1160 390 1199 ditum
441 1167 739 1210 prosternamus.
825 1170 886 1210 71.
917 1160 1031 1210 Capit
1086 1160 1161 1199 hoc
1217 1161 1430 1208 consilium,
1478 1166 1520 1200 ut

267 1226 470 1276 pecuniam
518 1226 748 1275 quibusdam
794 1226 981 1265 iudicibus
1026 1227 1225 1265 levissimis
1271 1227 1518 1277 polliceatur:

269 1292 408 1330 deinde
453 1303 540 1329 eam
585 1298 722 1341 postea
768 1292 1002 1341 supprimat:
1054 1298 1106 1338 ut,
1155 1291 1339 1342 quoniam
1384 1303 1520 1341 graves

268 1357 448 1395 homines
477 1369 546 1395 sua
575 1364 712 1407 sponte
741 1369 870 1395 severe
902 1356 1135 1395 iudicaturos
1164 1357 1336 1406 putabat,
1362 1368 1430 1395 eos
1454 1356 1520 1406 qui

268 1422 429 1460 leviores
465 1428 583 1470 erant,
624 1422 867 1461 destitutione
914 1423 1030 1461 iratos
1069 1421 1289 1473 Oppianico
1332 1421 1518 1460 redderet.

213 1503 253 1526 20
268 1487 415 1537 Itaque,
452 1493 495 1526 ut
532 1494 610 1526 erat
657 1500 808 1538 semper
844 1494 1113 1538 praeposterus
1158 1494 1271 1538 atque
1308 1499 1518 1537 perversus,

266 1553 415 1591 initium
440 1552 530 1591 facit
558 1565 582 1591 a
603 1552 752 1591 Bulbo:
785 1559 823 1591 et
845 1564 946 1599 eum,
975 1552 1082 1603 quod
1109 1553 1252 1591 iamdiu
1280 1552 1372 1590 nihil
1401 1564 1517 1602 quae-

269 1618 391 1664 sierat,
419 1618 564 1656 tristem
595 1625 709 1667 atque
740 1618 978 1664 oscitantem,
1006 1618 1136 1655 leviter
1166 1617 1333 1668 impellit.
1390 1615 1519 1663 ‘Quid

266 1684 333 1723 tu?
380 1683 524 1732 inquit;
572 1683 710 1733 ecquid
747 1695 811 1720 me
848 1683 1014 1729 adiuvas,
1053 1682 1187 1729 Bulbe,
1225 1695 1274 1721 ne
1312 1682 1428 1732 gratis
1464 1683 1518 1724 rei

267 1749 442 1799 publicae
463 1745 720 1786 serviamus?’
777 1748 845 1786 Ille
864 1759 964 1794 vero,
987 1747 1099 1786 simul
1124 1755 1237 1797 atque
1256 1747 1331 1786 hoc
1350 1748 1516 1787 audivit:

213 1831 250 1862 25
267 1814 334 1852 ΝΕ
372 1813 547 1852 Gnms?
587 1817 687 1863 ‘quo
724 1813 852 1859 voles,'
891 1813 1024 1862 inquit,
1064 1816 1238 1863 ‘sequar.
1311 1813 1388 1851 Sed
1425 1813 1519 1863 quid

269 1879 382 1918 affers
399 1879 430 1917 ?'
488 1879 592 1917 Tum
623 1879 658 1917 ei
688 1878 939 1928 quadraginta
971 1878 1098 1924 millia,
1128 1879 1159 1916 si
1192 1884 1293 1916 esset
1321 1879 1518 1917 absolutus

270 1944 519 1994 Oppianicus,
541 1944 760 1994 pollicetur:
792 1950 829 1982 et
857 1955 958 1990 eum,
983 1949 1025 1981 ut
1053 1950 1199 1981 ceteros
1228 1943 1405 1993 appellet,
1434 1944 1517 1994 qui-

267 2011 432 2048 buscum
461 2009 566 2059 loqui
596 2015 830 2055 consuesset,
859 2015 991 2059 rogat:
1022 2014 1136 2058 atque
1165 2008 1281 2046 etiarn
1310 2008 1392 2057 ipse
1423 2020 1517 2047 con-

270 2075 370 2114 ditor
398 2075 514 2113 totius
543 2075 688 2123 negotii
721 2073 880 2112 Guttam
914 2074 1108 2124 adspergit
1141 2073 1228 2111 huic
1259 2072 1395 2112 Bulbo.
1453 2082 1517 2123 72.

213 2157 256 2187 30
270 2140 406 2190 Itaque
434 2139 590 2177 minime
619 2152 771 2178 amarus
799 2140 843 2178 iis
871 2140 973 2179 visus
1004 2146 1060 2178 est
1088 2139 1153 2189 qui
1184 2138 1325 2188 aliquid
1358 2151 1406 2177 ex
1436 2139 1518 2178 eius

270 2217 448 2245 sermone
468 2205 643 2255 speculae
664 2206 920 2255 degustarant.
979 2204 1087 2243 Unus
1115 2210 1153 2243 et
1180 2204 1272 2242 alter
1291 2204 1374 2242 dies
1402 2204 1516 2242 inter-

266 2278 446 2328 cesserat,
476 2284 596 2323 quum
622 2284 683 2310 res
710 2277 976 2323 parum-certa
1004 2271 1220 2317 videbatur:
1252 2275 1446 2322 sequester
1474 2277 1515 2311 et

1648 2179 1650 2234 Ι
