1650 2554
217 162 301 203 124
577 162 628 196 M.
663 163 823 196 TULLII
852 165 1101 197 CICERONIS
1243 177 1296 201 oo.
1315 170 1467 204 55—57.

214 275 332 314 quam
358 277 516 305 omnem
545 268 648 306 illam
677 270 923 308 acerbitatem
951 271 1240 322 proscriptionis
1267 285 1371 321 suae,
1391 285 1469 324 qua

213 337 271 368 est
299 343 391 370 usus
421 333 460 370 in
489 340 633 373 veteres
662 335 819 382 iudices,
848 337 887 374 in
921 337 1021 378 hanc
1050 350 1171 376 unam
1202 339 1468 388 quaestionem

213 397 448 436 contulisset.
510 408 597 447 152.
628 399 713 438 Nec
739 413 843 439 nunc
870 401 1078 452 quicquam
1104 403 1228 453 agitur
1248 404 1359 452 (mihi
1386 416 1468 442 cre-

213 462 302 509 dite,
337 463 492 511 iudices,
528 471 566 503 et
598 467 805 516 prospicite
838 467 889 514 id,
919 468 1026 517 quod
1058 469 1339 518 providendum
1368 472 1466 519 est);

176 542 195 573 5
214 527 287 565 nisi
305 534 347 565 ut
370 536 547 579 equester
570 531 667 569 ordo
690 532 729 569 in
755 532 914 571 huiusce
940 533 1034 583 legis
1058 534 1271 583 periculum
1296 536 1468 574 includa-

211 598 283 631 tur.
340 593 480 644 Neque
500 594 575 633 hoc
595 596 719 645 agitur
738 597 787 634 ab
807 598 999 644 omnibus,
1020 598 1089 636 sed
1115 610 1138 636 a
1163 600 1307 648 paucis.
1362 599 1467 639 Nam

212 657 238 695 ii
265 665 472 706 senatores,
493 661 559 710 qui
585 673 626 699 se
653 661 762 700 facile
791 668 945 700 tuentur
972 663 1189 713 integritate
1218 671 1256 702 et
1281 665 1468 705 innocen-

210 725 273 770 tia,
303 724 435 774 quales
466 724 523 777 (ut
550 738 638 764 vere
670 725 813 779 dicam)
841 740 911 766 vos
939 729 1041 776 estis,
1070 735 1107 767 et
1136 730 1262 777 ceteri,
1291 731 1358 780 qui
1385 731 1468 770 sine

211 789 417 839 cupiditate
455 791 639 836 vixerunt,
678 794 826 843 equites
868 794 993 831 ordini
1040 795 1233 833 senatorio
1281 795 1466 846 dignitate

156 869 197 892 10
211 855 423 904 proximos,
451 857 660 895 concordia
689 859 1025 897 coniunctissimos
1056 871 1141 898 esse
1177 861 1359 910 cupiunt:
1398 861 1468 900 sed

210 920 247 965 ii,
267 920 332 970 qui
356 933 397 959 se
417 921 550 959 volunt
574 935 692 972 posse
716 924 859 971 omnia,
880 937 1007 975 neque
1035 931 1232 975 praeterea
1259 926 1467 976 quicquam

210 997 307 1032 esse,
329 992 395 1024 aut
420 986 460 1024 in
486 986 644 1026 homine
669 989 747 1026 ullo
774 996 839 1027 aut
865 990 905 1026 in
928 990 1074 1037 ordine,
1094 990 1170 1029 hoc
1189 1003 1269 1029 uno
1294 998 1400 1035 metu
1425 1003 1466 1030 se

210 1057 347 1100 putant
373 1051 519 1102 equites
544 1052 748 1091 Romanos
774 1054 813 1091 in
840 1060 1070 1104 potestatem
1097 1068 1207 1094 suam
1232 1056 1465 1100 redacturos,

211 1116 243 1154 si
263 1117 513 1155 constitutum
536 1124 604 1164 est,
625 1124 666 1156 ut
693 1118 740 1157 de
766 1119 823 1166 iis,
845 1120 910 1170 qui
937 1132 1019 1158 rem
1045 1121 1268 1167 iudicarent,
1289 1121 1466 1160 huiusce-

157 1197 194 1229 15
210 1181 317 1220 modi
353 1182 493 1220 iudicia
529 1183 610 1221 fieri
652 1185 813 1234 possint.
874 1185 1021 1223 Vident
1058 1187 1162 1224 enim
1201 1187 1465 1226 auctoritatem

210 1246 323 1285 huius
342 1247 488 1286 ordinis
508 1248 747 1287 confirmari:
776 1250 907 1288 vident
931 1250 1071 1289 iudicia
1095 1252 1359 1302 comprobari:
1389 1252 1465 1291 hoc

209 1317 316 1350 metu
351 1313 564 1362 proposito,
599 1314 756 1352 evellere
791 1326 832 1353 se
871 1315 1045 1353 aculeum
1079 1317 1287 1355 severitatis
1319 1324 1465 1355 vestrae

210 1389 326 1427 posse
365 1378 576 1416 confidunt.
638 1388 725 1429 153.
761 1379 858 1427 Quis
897 1381 1000 1419 enim
1038 1381 1087 1419 de
1123 1381 1282 1420 homine
1314 1382 1464 1430 audeat,

210 1443 327 1492 paulo
345 1443 553 1482 maioribus
573 1445 712 1494 opibus
732 1446 918 1495 praedito,
939 1459 1026 1485 vere
1046 1453 1084 1485 et
1103 1447 1248 1486 fortiter
1275 1448 1464 1497 iudicare;

156 1524 196 1547 20
211 1520 332 1557 quum
365 1508 502 1555 videat,
533 1510 604 1547 sibi
638 1510 686 1548 de
717 1522 776 1558 eo,
807 1511 914 1561 quod
947 1512 1088 1559 coierit,
1121 1519 1186 1551 aut
1215 1513 1464 1560 consenserit,

211 1585 368 1611 causam
388 1586 472 1612 esse
494 1575 724 1614 dicendam?

262 1642 331 1676 56.
381 1638 418 1677 O
455 1640 556 1678 viros
598 1640 727 1687 fortes,
767 1641 916 1691 equites
954 1641 1170 1690 Romanos,
1208 1643 1275 1693 qui
1317 1643 1466 1682 homini

209 1704 420 1742 clarissimo
458 1716 502 1742 ac
544 1706 825 1754 potentissimo,
863 1705 920 1743 M.
958 1705 1100 1754 Druso,
1138 1708 1292 1746 tribuno
1329 1708 1463 1758 plebis,

209 1769 437 1815 restiterunt,
462 1781 583 1819 quum
611 1770 671 1808 ille
701 1769 794 1807 nihil
823 1770 924 1809 aliud
953 1778 1084 1822 ageret
1110 1785 1200 1811 cum
1226 1773 1288 1810 illa
1314 1780 1464 1820 cuncta,

156 1849 194 1881 25
211 1846 309 1884 quae
337 1839 420 1872 tum
448 1841 540 1877 erat,
571 1835 782 1882 nobilitate,
813 1836 885 1874 nisi
914 1837 980 1883 uti,
1010 1838 1075 1887 qui
1106 1850 1189 1875 rem
1219 1838 1464 1884 iudicassent,

209 1899 476 1937 huiuscemodi
491 1900 780 1950 quaestionibus
799 1901 839 1938 in
858 1901 1041 1939 iudicium
1056 1904 1306 1940 vocarentur!
1351 1902 1466 1942 Tunc

211 1965 258 2004 C.
280 1965 430 2003 Flavius
457 1964 586 2013 Pusio,
615 1965 688 2004 Cn.
708 1965 884 2014 Titinius,
913 1966 956 2006 C.
985 1967 1208 2015 Maecenas,
1234 1969 1297 2007 illa
1323 1970 1466 2009 robora

210 2030 345 2082 populi
371 2029 550 2077 Romani,
572 2031 764 2081 ceterique
790 2031 1055 2071 huiuscemodi
1081 2033 1238 2080 ordinis,
1259 2045 1340 2072 non
1365 2034 1464 2074 fece-

210 2102 298 2134 runt
323 2095 437 2141 idem,
458 2096 564 2145 quod
590 2108 693 2134 nunc
714 2096 926 2143 Cluentius,
947 2103 988 2135 ut
1013 2097 1155 2146 aliquid
1181 2097 1316 2147 culpae
1343 2099 1463 2137 susci-

154 2178 198 2209 30
212 2174 302 2212 pere
323 2172 364 2199 se
384 2167 560 2210 putarent
578 2162 817 2199 recusando:
842 2162 912 2200 sed
931 2162 1169 2212 apertissime
1187 2170 1462 2212 repugnarunt,

213 2239 332 2278 quum
358 2226 454 2264 haec
473 2232 705 2273 recusarent,
726 2233 763 2264 et
788 2227 917 2277 palam
942 2227 1147 2266 fortissime
1173 2234 1287 2277 atque
1307 2228 1464 2268 honest-

212 2293 341 2332 issime
375 2292 556 2340 dicerent,
589 2305 628 2331 se
666 2293 836 2343 potuisse
870 2293 1010 2332 iudicio
1049 2293 1182 2345 populi
1216 2294 1387 2334 Romani
1423 2295 1463 2334 in
