1650 2554
18 1851 56 1871 {un

23 1908 54 1921 „ar

367 672 443 720 M.
492 671 747 720 TULLII
804 668 1202 719 CICERONIS

748 849 822 877 PRO

220 987 290 1042 A.
358 986 885 1043 CLUENTIO
959 983 1346 1040 HABITO

505 1162 703 1197 ORATIO
737 1161 808 1196 AD
843 1159 1065 1195 IUDICES.

214 1312 249 1348 1.
309 1320 340 1346 1.
370 1307 660 1354 AmMADVERTr,
688 1307 845 1354 iudices,
874 1317 1032 1344 omnem
1066 1303 1296 1343 accusatoris
1325 1314 1410 1340 ora-

161 1374 304 1412 tionem
329 1373 368 1410 in
395 1373 489 1411 duas
516 1372 677 1410 divisam
704 1383 789 1409 esse
815 1378 961 1421 partes:
993 1381 1153 1420 quarum
1179 1368 1295 1406 altera
1319 1366 1411 1405 mihi

161 1439 230 1476 niti
249 1443 286 1476 et
304 1449 448 1486 magno
469 1449 587 1486 opere
609 1436 802 1474 confidere
822 1435 1019 1473 videbatur
1044 1434 1183 1471 invidia
1208 1434 1284 1470 iam
1307 1433 1411 1470 inve-

160 1509 278 1542 terata
306 1503 435 1540 iudicii
465 1501 638 1539 Iuniani:
677 1501 794 1539 altera
825 1498 1096 1538 tantummodo
1125 1497 1412 1537 consuetudinis

162 1579 278 1606 causa
308 1566 440 1604 timide
473 1573 510 1604 et
544 1565 761 1603 diffidenter
798 1565 983 1614 attingere
1019 1564 1208 1601 rationem
1240 1562 1411 1600 veneficii
1426 1576 1448 1610 5

161 1632 383 1670 criminum:
422 1643 498 1682 qua
527 1630 575 1669 de
604 1643 644 1668 re
674 1630 758 1679 lege
788 1636 845 1667 est
873 1628 968 1666 haec
995 1628 1167 1678 quaestio
1194 1628 1410 1666 constituta.

161 1696 297 1746 Itaque
317 1695 409 1732 mihi
429 1702 575 1734 certum
596 1701 664 1740 est,
685 1694 784 1732 hanc
805 1694 969 1732 eandem
992 1693 1298 1731 distributionem
1318 1692 1411 1730 invi-

162 1762 246 1800 diae
279 1767 316 1799 et
349 1760 551 1798 criminum
586 1760 640 1798 sic
672 1760 713 1797 in
746 1759 972 1798 defensione
1005 1770 1165 1804 servare,
1198 1765 1242 1796 ut
1274 1769 1412 1795 omnes

160 1826 380 1876 intelligant,
406 1825 499 1863 nihil
527 1837 590 1863 me
618 1837 691 1863 nec
720 1824 981 1874 subterfugere
1009 1823 1174 1862 voluisse
1204 1823 1411 1869 reticendo,

161 1903 232 1929 nec
263 1891 470 1930 obscurare
504 1889 684 1927 dicendo.
737 1901 778 1927 2.
810 1888 887 1926 Sed
917 1900 1037 1938 quum
1070 1888 1287 1935 considero,
1316 1899 1410 1938 quo·
1430 1902 1468 1925 10

160 1955 282 1994 modo
312 1954 405 1992 mihi
435 1954 476 1992 in
506 1960 665 2003 utraque
696 1966 736 1991 re
768 1954 816 1991 sit
845 1952 1135 1999 elaborandum,
1164 1952 1280 1991 altera
1310 1964 1410 2002 pars,

161 2031 208 2058 ea
239 2031 338 2069 quae
370 2019 526 2069 propria
558 2026 615 2056 est
647 2018 774 2056 iudicii
804 2018 916 2055 vestri
948 2024 986 2055 et
1018 2017 1208 2067 legitimae
1238 2017 1412 2055 veneficii

163 2084 409 2134 quaestionis,
438 2096 507 2133 per
535 2084 628 2121 mihi
658 2084 781 2121 brevis
810 2089 847 2120 et
874 2094 955 2121 non
983 2095 1149 2132 magnae
1177 2083 1217 2120 in
1246 2082 1411 2120 dicendo

164 2148 418 2187 contentionis
450 2148 531 2187 fore
563 2149 735 2186 videtur:
774 2147 889 2186 altera
918 2154 1057 2193 autem,
1089 2159 1187 2197 quae
1221 2147 1356 2196 procul
1388 2159 1412 2184 a

163 2212 305 2251 iudicio
330 2219 477 2250 remota
503 2219 571 2260 est,
596 2224 694 2262 quae
723 2212 977 2251 concionibus
1006 2211 1184 2250 seditiose
1210 2211 1411 2249 concitatis
1428 2226 1464 2260 15

165 2276 488 2317 accommodatior
502 2285 571 2325 est,
584 2289 700 2329 quam
718 2277 927 2328 tranquillis
947 2277 1231 2326 moderatisque
1251 2276 1410 2324 iudiciis,
