1650 2554
169 221 208 257 §⁵
229 225 407 258 ¹35-139·
469 216 647 248 ORATIO
676 216 771 248 PRO
799 216 844 248 A.
878 215 1119 247 cwENrro.
1337 216 1414 260 117

166 330 306 370 motus,
326 325 496 361 maximo
528 324 697 362 clamore
725 330 762 361 et
791 334 982 361 concursu
1009 328 1129 360 totam
1157 320 1259 358 illam
1287 321 1414 370 legem

167 395 204 426 et
222 389 489 438 quaestionem
516 389 737 438 repudiavit.
798 389 883 436 138.
911 387 973 425 Ex
1001 399 1079 437 quo
1108 386 1263 435 intelligi
1292 386 1415 435 potuit

166 453 217 499 id,
247 455 354 502 quod
385 466 500 504 saepe
532 454 677 492 dictum
707 460 785 492 est:
823 460 864 491 ut
894 464 1010 497 mare,
1041 451 1147 501 quod
1180 463 1248 489 sua
1278 458 1415 488 natura

166 518 411 568 tranquillum
450 519 508 565 sit,
540 525 742 557 ventorum
773 518 809 555 vi
847 517 980 567 agitari
1013 523 1126 566 atque
1159 516 1321 562 turbari;
1361 516 1415 554 sic

166 589 203 621 et
230 584 419 633 populum
444 583 669 622 Romanum
697 595 765 621 sua
790 589 926 632 sponte
952 593 1036 620 esse
1062 581 1266 631 placatum,
1292 580 1415 618 homi·
1432 596 1450 627 5

167 661 260 686 num
281 649 551 687 seditiosorum
566 649 736 694 vocibus,
751 655 792 686 ut
811 646 1092 685 violentissimis
1111 646 1413 696 tempestatibus,

167 715 362 752 concitari.
774 704 779 709 ι

221 783 293 818 50.
326 779 397 817 Est
417 780 531 817 etiam
557 779 700 829 reliqua
725 791 936 829 permagna
962 778 1177 824 auctoritas,
1197 789 1314 828 quam
1340 790 1415 828 ego

166 845 324 894 turpiter
349 856 473 894 paene
502 845 687 894 praeterii.
744 843 836 882 Mea
861 844 965 881 enim
989 855 1074 881 esse
1097 843 1242 880 dicitur.
1299 842 1414 880 Reci-

166 909 256 947 tavit
285 921 332 946 ex
362 909 549 955 oratione,
579 910 710 947 nescio
739 920 826 958 qua,
854 908 994 954 Attius,
1024 919 1141 957 quam
1170 919 1299 945 meam
1329 920 1414 946 esse
1434 924 1473 946 10

168 974 328 1021 dicebat,
366 974 672 1013 cohortationem
715 974 910 1023 quandam
953 973 1121 1011 iudicum
1160 973 1210 1011 ad
1252 973 1414 1011 honeste

167 1039 426 1085 iudicandum,
455 1046 492 1077 et
521 1039 930 1077 commemorationem
957 1044 1039 1075 tum
1068 1037 1228 1075 aliorum
1256 1037 1414 1076 iudicio-

166 1115 262 1150 rum,
293 1115 391 1153 quae
421 1104 583 1153 probata
612 1116 694 1141 non
728 1109 867 1149 essent,
899 1109 981 1140 tum
1010 1102 1108 1140 illius
1138 1103 1255 1152 ipsius
1286 1103 1414 1141 iudicii

168 1168 339 1206 Iuniani:
376 1169 540 1219 proinde
572 1169 680 1219 quasi
710 1180 785 1218 ego
816 1180 897 1205 non
926 1167 976 1205 ab
1005 1167 1112 1205 initio
1142 1167 1255 1205 huius
1285 1167 1414 1206 defen-

169 1234 287 1271 sionis
325 1233 494 1280 dixerim,
532 1233 762 1271 invidiosum
798 1233 889 1270 illud
930 1232 1046 1270 fuisse
1083 1232 1290 1270 iudicium:
1339 1240 1414 1279 aut,
1435 1248 1471 1280 15

169 1310 288 1348 quum
316 1299 364 1336 de
392 1298 548 1336 infamia
573 1299 801 1336 iudiciorum
827 1297 1072 1347 disputarem,
1096 1298 1288 1347 potuerim
1313 1298 1415 1345 illud,

169 1363 275 1412 quod
311 1369 390 1400 tam
427 1363 611 1412 populare
650 1370 761 1408 esset,
799 1364 839 1400 in
879 1362 944 1400 illo
985 1369 1158 1412 ternpore
1200 1364 1415 1413 praeterire.

175 1439 260 1476 139.
288 1427 376 1477 Ego
406 1439 508 1474 vero,
538 1428 569 1466 si
600 1428 691 1478 quid
723 1427 912 1466 eiusmodi
943 1427 1031 1473 dixi,
1061 1439 1188 1477 neque
1216 1429 1416 1477 cognitum

170 1493 480 1538 commemoravi,
510 1505 634 1542 neque
663 1504 734 1542 pro
763 1492 982 1530 testimonio
1009 1491 1109 1530 dixi:
1143 1498 1180 1530 et
1208 1492 1270 1530 illa
1295 1494 1416 1531 oratio

169 1558 297 1607 potius
330 1558 513 1606 temporis
550 1558 637 1604 mei,
672 1569 787 1607 quam
824 1556 952 1595 iudicii
989 1562 1027 1595 et
1064 1557 1296 1595 auctoritatis
1334 1557 1413 1596 fuit.
1432 1574 1472 1596 20

170 1622 302 1669 Quum
333 1622 436 1659 enim
464 1634 694 1669 accusarem,
724 1629 762 1660 et
789 1621 880 1659 mihi
909 1621 1016 1659 initio
1045 1622 1345 1671 proposuissem,
1374 1630 1416 1661 ut

170 1687 319 1725 animos
355 1694 393 1724 et
434 1686 566 1737 populi
606 1687 775 1724 Romani
817 1693 855 1724 et
896 1686 1063 1724 iudicum
1108 1698 1415 1726 commoverem:

170 1763 364 1801 quumque
384 1763 520 1790 omnes
540 1751 774 1790 offensiones
801 1751 1027 1789 iudiciorum
1053 1763 1135 1789 non
1157 1763 1204 1789 ex
1227 1764 1315 1790 mea
1334 1754 1416 1803 opi-

169 1816 297 1862 nione,
327 1816 395 1854 sed
423 1828 471 1854 ex
499 1816 697 1854 hominurn
728 1828 881 1854 rumore
909 1815 1139 1866 proferrem:
1181 1816 1292 1854 istam
1321 1830 1415 1864 rem,

169 1892 267 1930 quae
296 1887 375 1918 tam
404 1881 638 1930 populariter
665 1887 767 1919 esset
789 1881 940 1930 agitata,
961 1881 1164 1930 praeterire
1187 1893 1268 1919 non
1295 1884 1412 1932 potui.
1431 1900 1469 1931 25

171 1944 247 1982 Sed
284 1952 381 1983 errat
418 1946 680 1992 vehementer,
716 1946 747 1983 si
784 1947 869 1996 quis
910 1946 949 1983 in
986 1946 1224 1984 orationibus
1262 1947 1411 1992 nostris,

169 2020 266 2059 quas
299 2010 338 2047 in
370 2010 515 2048 iudiciis
552 2010 765 2056 habuimus,
799 2012 1044 2048 auctoritates
1077 2017 1227 2049 nostras
1260 2012 1413 2061 consig-

171 2080 279 2112 natas
307 2086 347 2112 se
374 2074 513 2113 habere
540 2076 750 2113 arbitratur.
807 2074 956 2113 Omnes
985 2076 1087 2113 enim
1113 2075 1196 2113 illae
1220 2077 1414 2114 orationes

172 2151 370 2177 causarum
396 2152 441 2178 ac
465 2148 683 2190 temporum
710 2148 807 2188 sunt,
828 2153 908 2179 non
933 2141 1134 2180 hominum
1157 2142 1330 2192 ipsorum
1351 2151 1415 2181 aut

172 2211 429 2253 patronorum.
488 2205 603 2252 Nam,
624 2206 654 2244 si
675 2218 812 2244 causae
837 2206 942 2255 ipsae
968 2218 1038 2256 pro
1059 2218 1099 2244 se
1119 2206 1223 2256 loqui
1244 2214 1412 2255 possent,
1429 2224 1471 2255 30

173 2279 289 2306 nemo
313 2268 506 2308 adhiberet
532 2278 735 2309 oratorem.
791 2270 906 2308 Nunc
932 2271 1167 2316 adhibemur,
1187 2277 1227 2308 ut
1247 2283 1291 2308 ea
1314 2271 1414 2310 dica-

173 2344 270 2380 mus,
289 2344 369 2371 non
393 2345 489 2385 quae
516 2341 648 2375 nostra
673 2336 895 2375 auctoritate
919 2336 1207 2382 constituantur,
1229 2335 1297 2374 sed
1317 2348 1415 2387 quae
