1650 2554
0 0 1268 43 Wffl*

139 222 180 260 §5
199 218 379 259 126-130.
443 217 619 250 omno
647 217 742 248 PRo
771 216 813 249 A.
847 196 1093 248 cmmvrzo.
1306 216 1384 260 113

140 336 191 363 ex
219 324 346 363 multis
377 324 426 363 ad
457 323 710 375 ignominiam
743 322 924 361 sortiere?
985 320 1157 360 Habebit
1189 320 1314 370 igitur,
1348 326 1386 357 te

141 391 283 430 sciente
317 397 354 429 et
386 390 550 436 vidente,
584 389 687 427 curia
719 394 946 433 senatorem,
979 386 1144 437 populus
1181 385 1384 423 Romanus

141 456 317 502 iudicem,
349 467 410 493 res
443 454 595 504 publica
627 454 753 491 civem
785 453 867 491 sine
898 452 1109 502 ignominia
1139 449 1385 501 quemquam,

142 521 208 571 qui
238 520 287 558 ad
317 520 525 570 perniciem
556 518 782 564 innocentis,
810 517 927 555 fidem
955 529 1064 555 suam
1095 523 1132 554 et
1159 516 1387 565 religionem

143 586 308 636 pecunia
343 584 610 622 commutarit?
649 589 697 629 et,
730 583 795 633 qui
831 582 954 632 pretio
991 581 1178 620 adductus
1211 580 1389 630 eripuerit
1405 594 1422 625 5

143 651 316 701 patriam,
337 649 519 695 fortunas,
538 648 678 686 liberos
698 647 768 685 civi
786 647 993 694 innocenti,
1013 647 1045 684 is
1065 646 1261 684 censoriae
1282 657 1388 684 seve-

144 716 261 754 ritatis
281 725 373 754 nota
391 727 471 752 non
495 714 689 752 inuretur?
743 713 808 751 Tu
836 725 877 750 es
903 712 1115 762 praefectus
1144 712 1328 758 moribus,
1349 717 1391 749 tu

146 781 326 830 magister
355 780 489 818 veteris
520 779 740 828 disciplinae
773 784 809 816 et
842 778 1057 824 severitatis,
1090 777 1121 816 si
1155 783 1220 815 aut
1251 772 1390 815 retines

146 857 382 896 quemquam
406 845 534 882 sciens
559 844 598 880 in
623 849 769 888 senatu,
791 842 932 880 scelere
951 848 1057 880 tanto
1077 842 1388 886 contaminatum,

149 917 214 949 aut
242 910 385 955 statuis,
416 909 480 959 qui
508 908 548 945 in
577 908 713 945 eadem
746 907 858 957 culpa
890 907 948 953 sit,
978 919 1060 945 non
1093 907 1230 945 eadem
1263 918 1391 956 poena
1410 921 1448 942 10

150 975 248 1014 affici
263 974 493 1020 convenire?
535 972 613 1010 Aut
628 984 746 1022 quam
760 971 1022 1010 conditionem
1037 972 1211 1022 supplicii
1227 972 1393 1010 maiores

149 1042 190 1079 in
214 1041 313 1079 bello
340 1039 525 1078 timiditati
551 1039 678 1076 militis
702 1039 940 1088 propositam
967 1051 1050 1077 esse
1070 1038 1281 1085 voluerunt,
1302 1050 1392 1077 ean-

151 1106 240 1144 dem
268 1112 309 1143 tu
336 1106 376 1142 in
404 1116 500 1155 pace
523 1103 728 1142 constitues
752 1103 984 1153 improbitati
1005 1104 1219 1142 senatoris?
1274 1103 1396 1150 Quod

152 1171 184 1209 si
220 1170 296 1208 hoc
333 1169 552 1219 exemplum
589 1180 638 1206 ex
674 1180 715 1205 re
751 1167 900 1206 militari
937 1167 987 1206 ad
1024 1168 1397 1206 animadversionem

154 1235 367 1274 censoriam
386 1233 690 1272 transferendum
709 1231 778 1270 fuit
788 1245 798 1279 ;
829 1233 1026 1270 sortitione
1045 1232 1084 1270 id
1107 1233 1234 1283 ipsum
1254 1233 1396 1271 factum
1416 1247 1452 1279 15

154 1312 239 1339 esse
258 1299 434 1349 oportuit.
492 1298 560 1336 Sin
579 1303 707 1335 autem
727 1297 850 1335 sortiri
870 1297 919 1335 ad
942 1309 1121 1347 poenam,
1142 1304 1254 1347 atque
1275 1297 1399 1335 homi-

156 1376 251 1402 num
277 1363 457 1401 delictum
485 1362 659 1400 fortunae
687 1361 827 1399 iudicio
857 1362 1094 1400 committere
1124 1362 1282 1400 minime
1311 1374 1400 1400 cen-

158 1428 302 1468 sorium
322 1435 400 1474 est3
431 1433 530 1465 certe
553 1427 592 1464 in
617 1426 825 1464 multorum
853 1433 1014 1476 peceato
1042 1428 1148 1478 carpi
1175 1439 1322 1477 paucos
1350 1427 1401 1465 ad

158 1493 409 1544 ignominiam
429 1500 466 1530 et
485 1491 756 1542 turpitudinem
775 1503 856 1529 non
875 1498 1036 1542 oportet.

213 1562 284 1598 47.
344 1570 428 1605 ¹30·
465 1557 610 1595 Verum
646 1568 783 1595 omnes
825 1556 1079 1607 intelligimus,
1117 1559 1156 1595 in
1193 1559 1273 1598 istis
1312 1559 1400 1597 sub·
1419 1574 1459 1596 20

161 1623 430 1672 scriptionibus
445 1628 599 1659 ventum
615 1620 808 1671 quendam
827 1621 1053 1671 popularem
1072 1634 1156 1661 esse
1177 1623 1401 1672 quaesitum.

161 1688 306 1726 lactata
333 1699 393 1724 res
422 1693 501 1724 erat
529 1687 567 1724 in
595 1685 783 1724 concione
809 1698 832 1723 a
856 1687 1008 1725 tribuno
1032 1687 1238 1735 seditioso;
1270 1688 1403 1738 incog-

163 1755 242 1793 nita
255 1765 380 1799 causa,
397 1753 599 1802 probatum
619 1758 697 1789 erat
711 1751 802 1790 illud
820 1752 1071 1800 multitudini;
1096 1754 1240 1791 nemini
1259 1754 1405 1792 licitum

163 1826 221 1858 est
248 1825 380 1857 contra
409 1817 554 1863 dicere;
586 1828 702 1854 nemo
730 1817 907 1866 denique,
934 1824 976 1855 ut
1004 1818 1224 1857 defenderet
1253 1826 1403 1858 contra-

164 1885 259 1923 riam
278 1889 435 1933 partem,
456 1882 663 1920 laborabat.
718 1881 765 1919 In
788 1882 969 1920 invidiam
995 1895 1110 1933 porro
1136 1896 1320 1934 magnam
1346 1885 1406 1923 illa
1424 1901 1460 1932 25

165 1948 303 1987 iudicia
333 1953 522 1985 venerant.
585 1946 738 1984 Etenim
772 1947 904 1996 paucis
936 1954 1072 1996 postea
1104 1949 1302 1988 mensibus
1336 1950 1409 1987 alia

167 2012 372 2051 vehemens
398 2018 478 2050 erat
503 2012 542 2049 in
568 2011 716 2049 iudiciis
739 2024 786 2049 ex
807 2012 1004 2050 notatione
1024 2013 1250 2051 tabellarum
1269 2014 1410 2052 invidia

169 2083 324 2116 versata.
389 2076 638 2114 Praetermitti
676 2088 700 2114 a
736 2076 968 2123 censoribus,
1007 2083 1045 2115 et
1082 2078 1223 2128 negligi
1261 2079 1411 2118 macula

172 2141 395 2179 iudiciorum
420 2153 535 2190 posse
561 2153 642 2179 non
667 2140 873 2179 videbatur.
931 2139 1136 2189 Homines,
1157 2155 1255 2193 quos
1276 2145 1409 2182 ceteris

174 2205 271 2244 vitiis
302 2211 415 2255 atque
448 2205 555 2244 omni
592 2205 781 2244 dedecore
818 2204 978 2244 infames
1011 2207 1199 2254 videbant,
1233 2220 1301 2246 eos
1339 2209 1410 2247 hac
1427 2225 1467 2252 30

176 2280 329 2319 quoque
349 2270 625 2320 subscriptione
645 2276 776 2308 notare
796 2269 1006 2317 voluerunt,
1027 2278 1063 2310 et
1082 2284 1130 2311 eo
1156 2273 1288 2322 magis,
1308 2273 1413 2324 quod

177 2332 242 2372 illo
278 2333 363 2384 ipso
405 2341 587 2385 tempore,
623 2334 694 2374 illis
732 2335 966 2382 censoribus,
1005 2343 1112 2376 erant
1149 2337 1288 2377 iudicia
1326 2350 1413 2386 eum

788 2411 803 2438 1

1464 740 1471 757 (
