1650 2554
140 181 179 220 §5
195 183 333 221 70—74.
485 176 660 210 ORATIO
687 177 782 209 PRO
810 175 857 210 A.
889 176 1130 211 eLUENTm.
1336 167 1389 223 89

139 281 388 320 confirmator
406 283 595 332 pecuniae
619 281 912 320 desiderabatur.
969 279 1074 318 Tum
1099 279 1263 330 appellat
1280 280 1387 319 hilari

139 347 243 385 vultu
260 347 459 385 hominem
479 347 635 393 Bulbus,
655 353 697 385 ut
722 346 970 385 blandissime
990 351 1140 395 potest:
1171 348 1181 365 ‘
1196 345 1301 392 Quid
1321 346 1385 392 tu‚'

139 412 271 462 inquit,
305 409 489 450 ‘Paete?’
526 411 618 459 (hoc
650 412 754 450 enim
784 411 854 449 sibi
885 411 1061 448 Staienus
1091 421 1311 459 cognomen
1339 422 1386 448 ex

139 476 373 526 imaginibus
393 475 591 514 Aeliorum
613 475 814 525 delegerat,
835 488 883 513 ne
904 475 936 513 si
962 487 1003 513 se
1021 474 1203 524 Ligurem
1222 474 1384 518 fecisset,

139 541 305 580 nationis
333 541 458 590 magis
485 553 588 587 suae,
611 553 727 590 quam
754 542 916 590 generis,
945 540 998 578 uti
1027 540 1260 589 cognomine
1285 539 1388 577 vide·
1403 555 1421 586 5

140 613 241 645 retur
252 604 280 658 ς)
319 609 419 656 ‘qua
450 605 498 644 de
528 618 569 643 re
597 617 750 644 mecum
778 605 927 644 locutus
956 617 1009 651 es,
1039 610 1225 654 quaerunt
1256 617 1280 642 a
1311 617 1385 651 me,

140 671 205 710 ubi
225 672 272 709 sit
297 670 483 720 pecunia?
551 669 628 708 Hic
648 670 708 708 ille
727 670 863 720 planus
888 670 1205 720 improbissimus,
1225 676 1387 719 quaestu

140 736 334 774 iudiciario
377 742 522 784 pastus,
560 735 626 784 qui
668 735 719 772 illi
756 736 952 784 pecuniae,
990 747 1107 785 quam
1149 734 1383 780 condiderat,

141 813 210 851 spe
254 801 331 838 iam
377 808 490 849 atque
536 799 666 838 animo
712 800 919 847 incubaret,
966 799 1155 838 contrahit
1194 798 1384 836 frontem:

143 865 411 918 (recordamini
438 864 587 910 faciem,
616 870 729 914 atque
751 864 835 902 illos
861 865 943 903 eius
972 865 1083 903 fictos
1110 863 1384 912 simulatosque
1406 878 1443 900 ιο

142 931 264 969 vultus
278 932 303 976 l)
345 930 511 980 queritur
540 941 581 967 se
614 930 663 967 ab
705 929 924 979 Oppianico
958 930 1202 968 destitutum:
1242 934 1290 974 et,
1320 928 1386 977 qui

142 1001 242 1035 esset
278 1002 382 1033 totus
418 1007 467 1032 ex
505 993 636 1032 fraude
674 1000 711 1033 et
746 995 949 1033 mendacio
988 995 1121 1041 factus,
1160 994 1302 1044 quique
1340 1005 1386 1031 ea

142 1062 239 1108 vitia,
264 1072 361 1111 quae
387 1071 410 1097 a
428 1066 562 1097 natura
588 1059 762 1104 habebat,
790 1060 903 1097 etiam
930 1060 1056 1098 studio
1086 1066 1199 1110 atque
1229 1058 1387 1097 artificio

142 1126 311 1177 quodam
347 1124 511 1163 malitiae
549 1125 790 1170 condivisset,
828 1125 983 1175 pulchre
1030 1131 1219 1163 asseverat
1257 1136 1298 1162 se
1339 1125 1387 1162 ab

143 1191 360 1241 Oppianico
394 1189 634 1227 destitutum:
674 1197 788 1240 atque
820 1190 895 1228 hoc
929 1190 1035 1229 addit
1069 1190 1287 1236 testimonii,
1321 1201 1389 1227 sua
1406 1203 1441 1236 15

143 1256 248 1294 illum
276 1254 471 1300 sententia,
500 1265 619 1303 quum
652 1254 781 1304 palam
813 1266 950 1293 omnes
982 1255 1093 1293 laturi
1122 1260 1261 1301 essent,
1295 1265 1389 1292 con-

145 1321 366 1359 demnatum
381 1319 435 1356 iri.

199 1389 268 1424 2¹7.
306 1393 367 1433 73.
396 1383 575 1421 Manarat
608 1395 735 1421 sermo
768 1383 808 1421 in
840 1384 1014 1431 consilio,
1047 1384 1235 1434 pecuniae
1266 1396 1387 1434 quan-

145 1450 236 1488 dam
254 1449 490 1486 mentionem
510 1449 606 1486 inter
631 1447 775 1486 iudices
795 1460 880 1487 esse
905 1455 1104 1497 versatam.
1162 1449 1242 1487 Res
1262 1461 1388 1498 neque

145 1521 224 1553 tam
256 1514 376 1551 fuerat
407 1513 566 1559 occulta,
597 1525 713 1563 quam
746 1520 825 1551 erat
856 1506 1110 1556 occultanda:
1149 1526 1275 1563 neque
1308 1520 1387 1551 tam
1404 1529 1444 1552 20

145 1585 224 1617 erat
252 1584 392 1627 ape1ta‚
422 1589 538 1627 quam
567 1577 621 1615 rei
648 1577 824 1627 publicae
853 1589 967 1616 causa
995 1578 1210 1628 aperienda.
1269 1578 1315 1616 In
1341 1590 1388 1616 ea

144 1642 372 1682 obscuritate
401 1653 446 1680 ac
476 1641 711 1681 dubitatione
741 1642 926 1690 omnium,
961 1642 1138 1690 Canutio,
1168 1643 1289 1693 perito
1318 1643 1388 1681 ho-

144 1707 248 1755 mini,
268 1707 333 1756 qui
353 1706 523 1756 quodam
543 1706 664 1745 odore
691 1707 920 1755 suspicionis
949 1707 1146 1746 Staienum
1166 1714 1388 1758 corruptum

145 1783 230 1811 esse
262 1772 451 1817 sensisset,
485 1783 610 1821 neque
643 1771 734 1809 dum
771 1783 853 1810 rem
890 1772 1099 1822 perfectam
1137 1773 1387 1819 arbitraretur,

144 1837 284 1888 placuit
306 1842 463 1886 repente
489 1836 748 1887 pronuntiari:
777 1829 986 1877 mxa'RUNT.
1045 1837 1123 1876 Hic
1152 1843 1235 1875 tum
1265 1837 1387 1889 Oppi·
1405 1854 1442 1885 ²5

146 1902 279 1941 micus
314 1913 396 1940 non
431 1913 576 1951 magno
615 1913 730 1952 opere
767 1903 968 1952 pertimuit.
1038 1902 1138 1941 Rem
1176 1915 1199 1941 a
1233 1903 1387 1942 Staieno

145 1967 353 2018 perfectam
390 1979 475 2006 esse
513 1968 773 2006 arbitrabatur.
849 1977 910 2017 74.
958 1968 1005 2007 In
1042 1968 1245 2007 consilium
1283 1975 1389 2007 erant

146 2032 231 2071 ituri
275 2032 418 2070 iudices
463 2044 588 2079 xxxn;
646 2032 842 2071 sententiis
895 2046 960 2072 xvr
1007 2034 1198 2072 absolutio
1251 2034 1389 2072 confici

148 2103 302 2147 poterat.
358 2096 618 2147 Quadragena
636 2096 752 2135 millia
770 2109 972 2136 nummum
991 2099 1031 2137 in
1052 2099 1224 2148 singulos
1244 2100 1388 2138 iudices

152 2161 346 2202 distributa
382 2174 471 2201 eum
504 2174 707 2201 numerum
740 2163 1013 2202 sententiarum
1047 2165 1237 2203 conficere
1274 2164 1390 2202 debe·
1404 2180 1447 2211 30

152 2226 256 2273 bant,
283 2233 325 2264 ut
351 2227 400 2266 ad
429 2228 634 2275 cumulum,
663 2240 732 2279 spe
761 2229 950 2266 maiorum
976 2230 1245 2279 praemiorum,
1270 2229 1389 2279 ipsius

155 2291 296 2330 Staieni
314 2294 499 2333 sententia
517 2294 830 2345 septimadecima
853 2294 1061 2334 accederet.
1127 2294 1256 2345 Atque
1276 2295 1390 2333 etiam
