1650 2554
267 135 348 191 136
630 144 682 178 M.
711 133 872 178 TvLLJJ
901 145 1151 179 CICERONIS
1287 156 1340 180 oo.
1361 149 1519 184 σιμ-οε.

271 253 358 289 181.
398 250 654 290 Constituitur
687 252 864 302 quaestio
897 252 946 290 de
978 251 1092 290 furto.
1153 251 1257 290 Nam
1290 251 1382 303 quid
1412 252 1516 302 quis-

268 328 384 366 quam
414 317 598 366 suspicari
629 317 732 355 aliud
762 318 916 366 potest?
975 317 1040 354 An
1067 317 1143 356 hoc
1172 317 1316 356 dicitis:
1353 318 1517 356 armario

269 381 450 431 expilato,
484 383 649 432 pecunia
682 383 820 429 ablata,
854 394 935 421 non
968 383 1076 420 omni
1113 388 1346 433 recuperata,
1379 383 1518 421 occisis

266 446 500 494 hominibus,
524 448 733 486 institutam
758 460 844 486 esse
873 448 1139 498 quaestionem
1167 448 1215 486 de
1243 454 1364 486 morte
1391 447 1516 498 Oppi-

230 528 248 559 5
268 512 392 550 anici?
432 513 493 550 cui
523 514 724 563 probatis?
762 513 856 563 quid
886 520 955 560 est,
986 514 1092 564 quod
1124 514 1252 552 minus
1282 514 1360 551 veri
1392 513 1515 552 simile

263 577 434 626 proferre
459 579 663 628 potuistis?
719 578 883 622 Deinde,
911 585 953 618 ut
982 580 1158 618 omittam
1187 585 1322 626 cetera,
1350 578 1515 617 triennio

264 649 354 692 post
373 649 538 681 mortem
559 643 766 694 Oppianici
792 644 840 682 de
867 645 948 683 eius
970 651 1096 683 morte
1116 645 1389 695 quaerebatur?
1443 644 1515 682 At-

263 720 339 758 que
372 708 489 746 etiam
522 708 680 747 incensa
713 709 805 748 odio
842 710 1016 760 pristino,
1051 710 1310 748 Nicostratum
1347 708 1516 747 eundem

264 773 370 811 illum
398 780 481 812 tum
510 774 592 812 sine
617 787 735 813 causa
762 776 804 813 in
831 777 1097 825 quaestionem
1122 775 1335 826 postulavit.
1391 774 1515 825 Oppi-

212 854 251 876 10
265 839 399 877 anicus
425 839 552 889 primo
572 841 770 878 recusavit.
827 840 1087 890 Posteaquam
1105 841 1180 888 illa,
1200 841 1448 879 abducturam
1473 851 1516 879 se

265 903 392 950 filiam,
419 911 651 942 mutaturam
677 917 763 943 esse
791 912 1076 953 testamentum,
1102 906 1328 954 minaretur;
1366 905 1515 944 mulieri

266 969 551 1008 crudelissimae
580 982 731 1008 servum
763 971 1040 1018 fidelissimum,
1069 983 1151 1009 non
1181 971 1221 1009 in
1251 970 1515 1021 quaestionem

265 1034 359 1077 tulit,
381 1035 449 1073 sed
468 1035 581 1085 plane
601 1036 651 1074 ad
671 1036 901 1086 supplicium
921 1036 1036 1075 dedit.

324 1104 393 1138 65.
436 1102 524 1138 182.
553 1101 647 1139 Post
665 1102 873 1139 triennium
901 1102 1015 1151 igitur
1043 1103 1185 1151 agitata
1207 1102 1372 1152 denique
1398 1114 1516 1152 quae-

213 1181 250 1212 15
268 1165 341 1203 stio
368 1166 416 1203 de
444 1166 511 1203 viri
540 1173 663 1204 morte
691 1166 923 1205 habebatur:
955 1174 992 1205 et
1021 1167 1069 1205 de
1097 1168 1236 1217 quibus
1263 1167 1376 1206 servis
1397 1167 1516 1206 habe-

267 1231 405 1268 batur?
461 1230 585 1277 Nova,
612 1231 741 1278 credo,
767 1243 828 1270 res
853 1232 1014 1279 obiecta,
1038 1232 1128 1270 novi
1157 1232 1314 1282 quidam
1339 1231 1517 1271 homines
1543 1282 1546 1289 γ

268 1296 308 1333 in
337 1296 597 1346 suspicionem
626 1297 751 1335 vocati
784 1302 882 1335 sunt.
938 1296 1000 1335 De
1031 1297 1220 1344 Stratone,
1254 1303 1291 1335 et
1320 1297 1365 1335 de
1395 1296 1516 1336 Nico-

267 1368 397 1400 strato.
446 1361 578 1409 Quid?
627 1361 778 1400 Romae
798 1362 1014 1413 quaesitum
1033 1362 1080 1400 de
1099 1362 1180 1401 istis
1199 1362 1417 1401 hominibus
1435 1374 1517 1402 non

269 1429 375 1466 erat?
418 1427 529 1465 Itane
548 1428 734 1465 tandem?
764 1427 904 1465 Mulier
922 1428 999 1465 iam
1018 1439 1099 1465 non
1117 1428 1268 1471 morbo,
1287 1427 1358 1466 sed
1373 1427 1518 1466 scelere

215 1510 254 1530 20
271 1493 424 1536 furiosa,
455 1505 575 1543 quum
606 1494 870 1543 quaestionem
900 1493 1095 1531 habuisset
1126 1492 1290 1539 Romae,
1321 1505 1438 1543 quum
1467 1493 1517 1532 de

270 1558 318 1596 T.
346 1558 476 1604 Annii,
506 1558 550 1596 L.
577 1557 720 1602 Rutilii,
747 1557 789 1596 P.
815 1558 962 1605 Saturii‚
989 1564 1026 1596 et
1056 1564 1270 1596 ceterorum
1297 1557 1516 1597 honestissi-

269 1635 422 1662 morum
451 1623 618 1660 virorum
647 1623 834 1661 sententia
866 1623 1115 1661 constitutum
1145 1629 1257 1669 esset,
1283 1622 1374 1660 satis
1401 1635 1518 1673 quae-

272 1689 385 1726 situm
405 1688 544 1726 videri:
573 1687 709 1725 eadem
729 1688 777 1726 de
796 1701 837 1726 re
856 1688 1019 1726 triennio
1046 1694 1146 1737 post,
1166 1688 1302 1726 iisdem
1321 1687 1370 1726 de
1395 1687 1518 1727 homi-

271 1754 395 1799 nibus,
415 1753 520 1790 nullo
547 1752 730 1799 adhibito,
753 1765 835 1790 non
861 1753 988 1791 dicam
1013 1753 1094 1790 viro
1115 1751 1181 1804 (ne
1210 1753 1393 1791 colonum
1421 1753 1518 1792 forte

214 1835 230 1856 2
236 1835 252 1865 5
271 1818 439 1856 adfuisse
459 1816 609 1869 dicatis)
629 1818 698 1855 sed
723 1818 829 1855 bono
852 1818 944 1865 viro,
965 1817 1005 1854 in
1028 1817 1092 1855 filii
1118 1824 1232 1867 caput
1252 1818 1517 1867 quaestionem

271 1883 412 1921 habere
450 1889 589 1921 conata
626 1889 694 1921 est.
765 1885 850 1932 183.
883 1882 948 1920 An
984 1882 1060 1920 hoc
1098 1882 1244 1920 dicitis:
1285 1882 1378 1920 mihi
1414 1883 1517 1921 enim

269 1949 372 1987 venit
399 1949 439 1986 in
471 1955 654 1995 mentem,
683 1948 775 1999 quid
809 1948 884 1987 dici
916 1948 1048 1998 possit,
1077 1948 1226 1986 tametsi
1253 1948 1304 1985 ab
1334 1948 1411 1987 hoc
1439 1961 1518 1987 non

271 2027 356 2053 esse
382 2014 527 2052 dictum
553 2020 811 2052 mementote:
840 2026 960 2064 quum
985 2013 1187 2052 haberetur
1206 2014 1254 2051 de
1277 2013 1376 2051 furto
1400 2025 1517 2063 quae-

274 2080 357 2126 stio,
378 2078 595 2117 Stratonem
620 2079 763 2129 aliquid
787 2079 835 2117 de
854 2090 1004 2118 veneno
1023 2090 1108 2117 esse
1127 2078 1375 2116 consessum?
1425 2077 1519 2117 Hoc

217 2162 259 2192 30
276 2158 355 2183 uno
373 2144 504 2191 modo,
525 2145 681 2191 iudices,
703 2157 820 2194 saepe
844 2145 1051 2182 multorum
1077 2144 1318 2194 improbitate
1338 2143 1520 2193 depressa

273 2212 410 2249 veritas
429 2210 600 2260 emergit,
616 2217 653 2248 et
672 2210 915 2248 innocentiae
930 2209 1103 2248 defensio
1122 2209 1324 2247 interclusa
1337 2209 1518 2257 respirat:

274 2275 380 2327 quod
413 2282 478 2314 aut
510 2276 549 2323 ii,
580 2276 646 2326 qui
679 2276 730 2315 ad
762 2275 936 2314 fraudem
970 2274 1094 2313 callidi
1125 2279 1225 2321 sunt,
1258 2285 1339 2312 non
1369 2279 1520 2312 tantum
