1650 2554
150 190 190 230 ςς
205 194 345 228 47—51.
464 184 639 216 ORATIO
670 182 764 215 PRO
791 181 834 214 A.
866 178 1107 214 CLUENTIO.
1341 179 1394 225 79

148 302 283 330 eorum
315 301 500 338 magnum
533 300 646 326 usum
679 299 763 326 esse
797 286 951 332 sciebat,
989 285 1205 334 frequentes
1239 295 1307 322 eos
1345 283 1395 321 ad

149 368 212 394 me
242 355 402 393 domum
430 353 597 391 adduxit.
655 351 733 398 Qui
764 362 998 401 quamquam
1026 350 1074 387 de
1102 349 1269 394 homine,
1300 349 1396 386 sicut

148 432 306 458 necesse
336 424 427 464 erat,
457 417 748 455 existimabant:
778 423 918 460 tamen,
949 414 1054 464 quod
1081 420 1162 452 erat
1185 425 1232 450 ex
1258 412 1396 450 eodem

149 484 370 533 municipio,
390 495 482 521 suae
502 483 694 531 dignitatis
720 493 804 519 esse
830 480 1115 525 arbitrabantur,
1136 490 1235 524 eum,
1257 478 1393 527 quibus

148 549 261 587 rebus
286 553 458 598 possent,
486 546 710 585 defendere:
740 546 854 595 idque
877 557 900 582 a
925 557 999 590 me,
1026 550 1067 581 ut
1091 544 1265 589 facerem,
1293 548 1330 579 et
1355 548 1396 579 ut
1411 554 1428 588 5

148 625 305 651 causam
336 611 559 650 Scamandri
589 611 834 660 susciperem,
863 611 1070 658 petebant:
1109 609 1149 645 in
1177 620 1253 657 qua
1280 618 1396 644 causa

150 678 301 728 patroni
338 689 455 715 omne
491 675 704 725 periculum
742 675 1016 713 continebatur.
1089 683 1150 721 50.
1194 672 1292 721 Ego,
1331 671 1396 720 qui

150 755 276 793 neque
315 742 395 788 illis,
434 741 571 779 talibus
607 740 706 786 viris,
743 752 788 777 ac
824 746 903 777 tam
940 739 1156 776 amantibus
1188 738 1275 784 mei,
1314 749 1396 775 rem

149 819 306 857 possem
344 807 459 844 ullam
497 816 660 854 negare:
705 816 830 854 neque
867 803 958 841 illud
991 804 1135 841 crimen
1172 808 1320 840 tantum
1352 813 1397 838 ae

149 879 228 910 tam
253 871 500 908 manifestum
519 881 603 907 esse
627 869 836 915 arbitrarer,
864 869 959 906 sicut
984 880 1032 906 ne
1059 868 1110 905 illi
1130 866 1285 918 quidem
1311 867 1394 916 ipsi,
1415 881 1450 903 10

152 936 217 986 qui
236 936 328 973 mihi
347 943 429 972 turn
449 934 550 971 illam
570 945 726 971 causam
752 934 1087 979 commendabant,
1109 933 1396 977 arbitrabantur,

151 1000 342 1051 pollicitus
362 999 406 1036 iis
427 1010 523 1044 sum,
543 1010 605 1035 me
625 997 766 1042 omnia,
787 1010 885 1048 quae
905 998 1053 1044 vellent,
1074 1010 1159 1036 esse
1178 998 1378 1035 fac-turum.

203 1069 267 1103 18.
324 1064 403 1102 Res
432 1063 494 1113 agi
523 1069 660 1112 coepta
685 1070 764 1100 est:
796 1063 930 1101 citatus
956 1070 1014 1101 est
1041 1063 1275 1101 Scamander
1299 1073 1397 1099 reus.

153 1130 371 1168 Accusabat
395 1129 436 1166 P.
457 1127 655 1173 Canutius,
684 1127 802 1165 homo
828 1128 866 1165 in
894 1129 1026 1178 primis
1052 1128 1274 1177 ingeniosus
1300 1132 1338 1164 et
1360 1127 1399 1163 in

155 1195 319 1233 dicendo
347 1194 597 1231 exercitatus:
637 1193 842 1230 accusabat
870 1200 997 1231 autem
1026 1193 1086 1231 ille
1115 1194 1272 1242 quidem
1307 1191 1398 1229 Sca·
1421 1207 1454 1237 ¹5

153 1259 359 1297 mandrum
405 1258 528 1295 verbis
571 1257 702 1303 tribus,
743 1269 928 1296 VENENUM
971 1270 1056 1296 ESSE
1096 1268 1398 1295 DEPREHENSUM:

155 1324 287 1362 omnia
318 1323 393 1361 tela
422 1323 537 1360 totius
571 1322 822 1360 accusationis
855 1323 895 1359 in
929 1322 1188 1372 Oppianicum
1222 1322 1400 1360 coniicie-

156 1390 315 1426 bantur:
345 1388 583 1436 aperiebatur
603 1399 719 1424 causa
737 1387 981 1425 insidiarum:
1011 1388 1272 1426 Fabriciorum
1291 1386 1401 1424 farni-

154 1453 293 1491 liaritas
326 1452 720 1490 commemorabatur:
761 1451 927 1490 hominis
955 1453 1030 1490 vita
1058 1459 1096 1491 et
1125 1452 1286 1490 audacia
1313 1463 1401 1501 pro-

157 1518 370 1557 ferebatur:
419 1516 583 1566 denique
620 1516 747 1554 omnis
785 1517 976 1555 accusatio
1019 1517 1119 1556 varie
1163 1517 1401 1566 graviterque
1419 1530 1458 1554 20

156 1590 324 1628 tractata,
357 1581 407 1620 ad
438 1587 650 1619 extremum
686 1581 888 1619 manifesta
924 1582 1061 1620 veneni
1099 1582 1402 1631 deprehensione

156 1648 339 1687 conclusa
358 1653 425 1684 est.
476 1655 536 1693 51.
565 1645 643 1684 Hic
662 1658 736 1695 ego
755 1652 836 1683 turn
851 1646 901 1684 ad
919 1647 1232 1696 respondendum
1248 1647 1401 1692 surrexi,

157 1725 234 1763 qua
261 1724 363 1757 cura,
393 1711 444 1748 dii
472 1710 730 1748 immortales!
765 1722 842 1760 qua
870 1711 1121 1750 sollicitudine
1150 1712 1290 1749 animi!
1325 1723 1402 1761 quo

157 1777 318 1815 timore!
394 1775 554 1824 Semper
590 1775 768 1825 equidem
805 1788 951 1825 magno
988 1789 1076 1815 cum
1114 1784 1219 1814 metu
1260 1777 1403 1825 incipio

158 1841 295 1880 dicere.
351 1839 667 1889 Quotiescunque
695 1839 795 1882 dico,
824 1841 936 1878 toties
964 1841 1057 1878 mihi
1085 1841 1217 1879 videor
1244 1842 1284 1878 in
1309 1841 1403 1878 iudi·
1420 1855 1458 1888 ²5

158 1905 261 1943 cium
289 1905 428 1950 venire,
452 1915 533 1942 non
560 1904 703 1953 ingenii
723 1905 859 1950 solum,
880 1904 948 1943 sed
974 1906 1089 1943 etiam
1114 1906 1259 1944 virtutis
1288 1912 1402 1955 atque

159 1969 295 2007 officii:
342 1981 391 2006 ne
435 1974 499 2006 aut
535 1968 575 2006 id
615 1968 783 2017 profiteri
820 1969 958 2016 videar,
997 1970 1102 2020 quod
1139 1982 1219 2008 non
1256 1971 1404 2020 possim

159 2031 327 2082 implere,
365 2032 470 2082 quod
507 2039 565 2071 est
610 2033 891 2082 impudentiae:
939 2041 1003 2073 aut
1035 2035 1075 2072 id
1118 2046 1198 2073 non
1243 2035 1402 2081 efficere,

160 2096 265 2146 quod
297 2097 455 2147 possim,
489 2097 595 2147 quod
629 2103 686 2134 est
719 2104 782 2134 aut
814 2098 1006 2147 perfidiae,
1038 2106 1102 2138 aut
1135 2100 1399 2149 negligentiae.

162 2159 266 2198 Tum
295 2172 383 2199 vero
414 2163 466 2199 ita
496 2174 582 2199 sum
615 2163 864 2211 perturbatus,
895 2169 937 2200 ut
969 2164 1100 2202 omnia
1131 2165 1329 2201 timerem:
1373 2164 1403 2201 si
1418 2179 1460 2209 30

161 2223 252 2261 nihil
285 2224 476 2271 dixissem,
510 2238 559 2263 ne
594 2225 887 2264 infantissimus:
930 2228 960 2265 si
993 2228 1112 2266 multa
1143 2228 1183 2265 in
1217 2227 1405 2266 eiusmodi

162 2298 278 2326 causa
298 2288 489 2336 dixissem,
509 2302 559 2328 ne
577 2290 929 2340 impudentissimus
948 2292 1194 2331 existimarer.
