<?xml version="1.0" encoding="UTF-8"?>
<!DOCTYPE html PUBLIC "-//W3C//DTD XHTML 1.0 Transitional//EN"
    "http://www.w3.org/TR/xhtml1/DTD/xhtml1-transitional.dtd">
<html xmlns="http://www.w3.org/1999/xhtml" xml:lang="en" lang="en">
 <head>
  <title>
</title>
<meta http-equiv="Content-Type" content="text/html;charset=utf-8" />
  <meta name='ocr-system' content='tesseract 3.04.00' />
  <meta name='ocr-capabilities' content='ocr_page ocr_carea ocr_par ocr_line ocrx_word'/>
</head>
<body>
  <div class='ocr_page' id='page_1' title='image "./procluentiowithi00ciceuoft/procluentiowithi00ciceuoft_0124.png"; bbox 0 0 1650 2554; ppageno 0'>
   <div class='ocr_carea' id='block_1_1' title="bbox 252 164 1504 201">
    <p class='ocr_par' dir='ltr' id='par_1_1' title="bbox 252 164 1504 201">
     <span class='ocr_line' id='line_1_1' title="bbox 252 164 1504 201; baseline 0.001 -4"><span class='ocrx_word' id='word_1_1' title='bbox 252 167 331 199; x_wconf 88' lang='lat'>112</span> <span class='ocrx_word' id='word_1_2' title='bbox 399 173 403 177; x_wconf 82' lang='lat'>&#39;</span> <span class='ocrx_word' id='word_1_3' title='bbox 611 165 660 198; x_wconf 87' lang='grc' dir='ltr'>Μ.</span> <span class='ocrx_word' id='word_1_4' title='bbox 687 165 848 196; x_wconf 90' lang='lat' dir='ltr'><em>TULLII</em></span> <span class='ocrx_word' id='word_1_5' title='bbox 877 164 1128 196; x_wconf 84' lang='lat' dir='ltr'><em>CICERONIS</em></span> <span class='ocrx_word' id='word_1_6' title='bbox 1251 194 1254 196; x_wconf 88' lang='lat'>.</span> <span class='ocrx_word' id='word_1_7' title='bbox 1279 175 1331 199; x_wconf 80' lang='lat' dir='ltr'>oo.</span> <span class='ocrx_word' id='word_1_8' title='bbox 1351 168 1504 201; x_wconf 82' lang='lat'><strong>45—4&#39;1.</strong></span> 
     </span>
    </p>
   </div>
   <div class='ocr_carea' id='block_1_2' title="bbox 198 271 1514 2350">
    <p class='ocr_par' dir='ltr' id='par_1_2' title="bbox 198 271 1514 2350">
     <span class='ocr_line' id='line_1_2' title="bbox 250 271 1506 322; baseline 0 -12"><span class='ocrx_word' id='word_1_9' title='bbox 250 271 363 322; x_wconf 85' lang='lat' dir='ltr'>culpa</span> <span class='ocrx_word' id='word_1_10' title='bbox 392 272 644 310; x_wconf 89' lang='lat' dir='ltr'>inveniretur:</span> <span class='ocrx_word' id='word_1_11' title='bbox 684 271 777 322; x_wconf 87' lang='lat' dir='ltr'>quid</span> <span class='ocrx_word' id='word_1_12' title='bbox 805 271 866 310; x_wconf 92' lang='lat' dir='ltr'>ille</span> <span class='ocrx_word' id='word_1_13' title='bbox 903 272 1115 318; x_wconf 87' lang='lat' dir='ltr'>meruisset,</span> <span class='ocrx_word' id='word_1_14' title='bbox 1145 283 1225 310; x_wconf 91' lang='lat' dir='ltr'>non</span> <span class='ocrx_word' id='word_1_15' title='bbox 1253 271 1344 322; x_wconf 90' lang='lat' dir='ltr'>quid</span> <span class='ocrx_word' id='word_1_16' title='bbox 1373 271 1420 310; x_wconf 92' lang='lat' dir='ltr'>de</span> <span class='ocrx_word' id='word_1_17' title='bbox 1458 283 1506 310; x_wconf 86' lang='lat' dir='ltr'>eo</span> 
     </span>
     <span class='ocr_line' id='line_1_3' title="bbox 251 336 1506 387; baseline -0.001 -11"><span class='ocrx_word' id='word_1_18' title='bbox 251 344 434 376; x_wconf 87' lang='lat' dir='ltr'>statutum</span> <span class='ocrx_word' id='word_1_19' title='bbox 465 344 577 384; x_wconf 86' lang='lat' dir='ltr'>esset,</span> <span class='ocrx_word' id='word_1_20' title='bbox 609 337 873 387; x_wconf 85' lang='lat' dir='ltr'>quaerendum</span> <span class='ocrx_word' id='word_1_21' title='bbox 911 349 996 376; x_wconf 90' lang='lat' dir='ltr'>esse</span> <span class='ocrx_word' id='word_1_22' title='bbox 1027 337 1226 375; x_wconf 89' lang='lat' dir='ltr'>duxerunt.</span> <span class='ocrx_word' id='word_1_23' title='bbox 1286 347 1373 386; x_wconf 84' lang='lat'><strong>127.</strong></span> <span class='ocrx_word' id='word_1_24' title='bbox 1402 336 1506 375; x_wconf 85' lang='lat' dir='ltr'>Nam</span> 
     </span>
     <span class='ocr_line' id='line_1_4' title="bbox 249 402 1506 453; baseline -0.001 -12"><span class='ocrx_word' id='word_1_25' title='bbox 249 402 344 441; x_wconf 86' lang='lat' dir='ltr'>haec</span> <span class='ocrx_word' id='word_1_26' title='bbox 380 403 550 453; x_wconf 87' lang='lat' dir='ltr'>quidem,</span> <span class='ocrx_word' id='word_1_27' title='bbox 583 415 683 453; x_wconf 91' lang='lat' dir='ltr'>quae</span> <span class='ocrx_word' id='word_1_28' title='bbox 714 403 762 440; x_wconf 90' lang='lat' dir='ltr'>de</span> <span class='ocrx_word' id='word_1_29' title='bbox 789 403 935 441; x_wconf 86' lang='lat' dir='ltr'>iudicio</span> <span class='ocrx_word' id='word_1_30' title='bbox 975 408 1155 453; x_wconf 91' lang='lat' dir='ltr'>corrupto</span> <span class='ocrx_word' id='word_1_31' title='bbox 1189 402 1506 452; x_wconf 88' lang='lat' dir='ltr'>subscripserunt,</span> 
     </span>
     <span class='ocr_line' id='line_1_5' title="bbox 249 470 1506 521; baseline -0.001 -12"><span class='ocrx_word' id='word_1_32' title='bbox 249 471 334 521; x_wconf 89' lang='lat' dir='ltr'>quis</span> <span class='ocrx_word' id='word_1_33' title='bbox 362 477 431 517; x_wconf 85' lang='lat' dir='ltr'>est,</span> <span class='ocrx_word' id='word_1_34' title='bbox 461 472 527 520; x_wconf 89' lang='lat' dir='ltr'>qui</span> <span class='ocrx_word' id='word_1_35' title='bbox 558 472 606 508; x_wconf 91' lang='lat' dir='ltr'>ab</span> <span class='ocrx_word' id='word_1_36' title='bbox 634 471 706 508; x_wconf 89' lang='lat' dir='ltr'>illis</span> <span class='ocrx_word' id='word_1_37' title='bbox 735 470 826 508; x_wconf 86' lang='lat' dir='ltr'>satis</span> <span class='ocrx_word' id='word_1_38' title='bbox 855 471 1012 520; x_wconf 86' lang='lat' dir='ltr'>cognita</span> <span class='ocrx_word' id='word_1_39' title='bbox 1049 477 1086 508; x_wconf 92' lang='lat' dir='ltr'>et</span> <span class='ocrx_word' id='word_1_40' title='bbox 1115 470 1314 520; x_wconf 87' lang='lat' dir='ltr'>diligenter</span> <span class='ocrx_word' id='word_1_41' title='bbox 1340 471 1506 509; x_wconf 88' lang='lat' dir='ltr'>iudicata</span> 
     </span>
     <span class='ocr_line' id='line_1_6' title="bbox 212 535 1506 586; baseline 0 -12"><span class='ocrx_word' id='word_1_42' title='bbox 212 553 230 584; x_wconf 87' lang='lat'><strong>5</strong></span> <span class='ocrx_word' id='word_1_43' title='bbox 247 536 472 574; x_wconf 86' lang='lat' dir='ltr'>arbitretur?</span> <span class='ocrx_word' id='word_1_44' title='bbox 528 536 575 573; x_wconf 91' lang='lat' dir='ltr'>In</span> <span class='ocrx_word' id='word_1_45' title='bbox 596 535 664 573; x_wconf 87' lang='grc' dir='ltr'>Μ’.</span> <span class='ocrx_word' id='word_1_46' title='bbox 687 535 896 586; x_wconf 87' lang='lat' dir='ltr'>Aquillium</span> <span class='ocrx_word' id='word_1_47' title='bbox 917 542 954 574; x_wconf 88' lang='lat' dir='ltr'>et</span> <span class='ocrx_word' id='word_1_48' title='bbox 973 537 1014 573; x_wconf 93' lang='lat' dir='ltr'>in</span> <span class='ocrx_word' id='word_1_49' title='bbox 1034 536 1096 574; x_wconf 90' lang='lat' dir='ltr'>Ti.</span> <span class='ocrx_word' id='word_1_50' title='bbox 1114 535 1273 574; x_wconf 88' lang='lat' dir='ltr'>Guttam</span> <span class='ocrx_word' id='word_1_51' title='bbox 1291 535 1403 574; x_wconf 84' lang='lat' dir='ltr'>video</span> <span class='ocrx_word' id='word_1_52' title='bbox 1422 547 1506 574; x_wconf 86' lang='lat' dir='ltr'>esse</span> 
     </span>
     <span class='ocr_line' id='line_1_7' title="bbox 250 601 1507 652; baseline 0 -12"><span class='ocrx_word' id='word_1_53' title='bbox 250 603 518 652; x_wconf 88' lang='lat' dir='ltr'>subscriptum.</span> <span class='ocrx_word' id='word_1_54' title='bbox 578 601 684 648; x_wconf 87' lang='lat' dir='ltr'><strong>Quid</strong></span> <span class='ocrx_word' id='word_1_55' title='bbox 704 608 761 640; x_wconf 90' lang='lat' dir='ltr'>est</span> <span class='ocrx_word' id='word_1_56' title='bbox 787 601 891 640; x_wconf 87' lang='lat' dir='ltr'>hoc?</span> <span class='ocrx_word' id='word_1_57' title='bbox 930 601 1028 640; x_wconf 91' lang='lat' dir='ltr'>duos</span> <span class='ocrx_word' id='word_1_58' title='bbox 1057 613 1143 639; x_wconf 87' lang='lat' dir='ltr'>esse</span> <span class='ocrx_word' id='word_1_59' title='bbox 1171 608 1373 651; x_wconf 90' lang='lat' dir='ltr'>corruptos</span> <span class='ocrx_word' id='word_1_60' title='bbox 1401 602 1507 640; x_wconf 89' lang='lat' dir='ltr'>solos</span> 
     </span>
     <span class='ocr_line' id='line_1_8' title="bbox 250 666 1506 717; baseline 0 -11"><span class='ocrx_word' id='word_1_61' title='bbox 250 668 416 717; x_wconf 88' lang='lat' dir='ltr'>pecunia</span> <span class='ocrx_word' id='word_1_62' title='bbox 455 668 612 706; x_wconf 87' lang='lat' dir='ltr'>dicant?</span> <span class='ocrx_word' id='word_1_63' title='bbox 651 668 766 706; x_wconf 87' lang='lat' dir='ltr'>ceteri</span> <span class='ocrx_word' id='word_1_64' title='bbox 805 667 980 706; x_wconf 88' lang='lat' dir='ltr'>videlicet</span> <span class='ocrx_word' id='word_1_65' title='bbox 1016 667 1133 717; x_wconf 85' lang='lat' dir='ltr'>gratis</span> <span class='ocrx_word' id='word_1_66' title='bbox 1171 666 1506 706; x_wconf 85' lang='lat' dir='ltr'>condemnarunt?</span> 
     </span>
     <span class='ocr_line' id='line_1_9' title="bbox 251 732 1506 782; baseline 0.001 -12"><span class='ocrx_word' id='word_1_67' title='bbox 251 732 344 770; x_wconf 90' lang='lat' dir='ltr'>Non</span> <span class='ocrx_word' id='word_1_68' title='bbox 363 739 421 771; x_wconf 90' lang='lat' dir='ltr'>est</span> <span class='ocrx_word' id='word_1_69' title='bbox 450 733 563 782; x_wconf 86' lang='lat' dir='ltr'>igitur</span> <span class='ocrx_word' id='word_1_70' title='bbox 592 733 884 779; x_wconf 88' lang='lat' dir='ltr'>circumventus,</span> <span class='ocrx_word' id='word_1_71' title='bbox 905 745 987 770; x_wconf 92' lang='lat' dir='ltr'>non</span> <span class='ocrx_word' id='word_1_72' title='bbox 1007 738 1064 770; x_wconf 89' lang='lat' dir='ltr'>est</span> <span class='ocrx_word' id='word_1_73' title='bbox 1093 743 1302 782; x_wconf 87' lang='lat' dir='ltr'>oppressus</span> <span class='ocrx_word' id='word_1_74' title='bbox 1330 734 1506 782; x_wconf 89' lang='lat' dir='ltr'>pecunia,</span> 
     </span>
     <span class='ocr_line' id='line_1_10' title="bbox 253 797 1506 845; baseline 0.001 -10"><span class='ocrx_word' id='word_1_75' title='bbox 253 810 345 844; x_wconf 90' lang='lat' dir='ltr'>non,</span> <span class='ocrx_word' id='word_1_76' title='bbox 376 806 418 835; x_wconf 91' lang='lat' dir='ltr'>ut</span> <span class='ocrx_word' id='word_1_77' title='bbox 451 798 535 836; x_wconf 86' lang='lat' dir='ltr'>illae</span> <span class='ocrx_word' id='word_1_78' title='bbox 569 797 802 844; x_wconf 86' lang='lat' dir='ltr'>Quintianae</span> <span class='ocrx_word' id='word_1_79' title='bbox 836 798 1045 836; x_wconf 86' lang='lat' dir='ltr'>conciones</span> <span class='ocrx_word' id='word_1_80' title='bbox 1078 797 1327 843; x_wconf 81' lang='lat' dir='ltr'><strong>habebantur,</strong></span> <span class='ocrx_word' id='word_1_81' title='bbox 1357 809 1506 845; x_wconf 90' lang='lat' dir='ltr'>omnes,</span> 
     </span>
     <span class='ocr_line' id='line_1_11' title="bbox 198 863 1506 914; baseline 0.001 -13"><span class='ocrx_word' id='word_1_82' title='bbox 198 880 236 902; x_wconf 93' lang='lat'>10</span> <span class='ocrx_word' id='word_1_83' title='bbox 251 864 317 914; x_wconf 90' lang='lat' dir='ltr'>qui</span> <span class='ocrx_word' id='word_1_84' title='bbox 356 863 618 914; x_wconf 84' lang='lat' dir='ltr'>Oppianicum</span> <span class='ocrx_word' id='word_1_85' title='bbox 656 864 975 909; x_wconf 88' lang='lat' dir='ltr'>condemnarunt,</span> <span class='ocrx_word' id='word_1_86' title='bbox 1007 864 1047 901; x_wconf 90' lang='lat' dir='ltr'>in</span> <span class='ocrx_word' id='word_1_87' title='bbox 1086 863 1198 912; x_wconf 89' lang='lat' dir='ltr'>culpa</span> <span class='ocrx_word' id='word_1_88' title='bbox 1227 869 1316 901; x_wconf 88' lang='lat' dir='ltr'>sunt</span> <span class='ocrx_word' id='word_1_89' title='bbox 1347 875 1394 901; x_wconf 88' lang='lat' dir='ltr'>ac</span> <span class='ocrx_word' id='word_1_90' title='bbox 1425 875 1506 902; x_wconf 89' lang='lat' dir='ltr'>sus-</span> 
     </span>
     <span class='ocr_line' id='line_1_12' title="bbox 251 928 1508 979; baseline -0.001 -12"><span class='ocrx_word' id='word_1_91' title='bbox 251 929 403 979; x_wconf 92' lang='lat' dir='ltr'>picione</span> <span class='ocrx_word' id='word_1_92' title='bbox 423 928 605 978; x_wconf 87' lang='lat' dir='ltr'>ponendi.</span> <span class='ocrx_word' id='word_1_93' title='bbox 662 928 773 967; x_wconf 88' lang='lat' dir='ltr'>Duos</span> <span class='ocrx_word' id='word_1_94' title='bbox 803 929 908 966; x_wconf 88' lang='lat' dir='ltr'>solos</span> <span class='ocrx_word' id='word_1_95' title='bbox 927 928 1039 966; x_wconf 91' lang='lat' dir='ltr'>video</span> <span class='ocrx_word' id='word_1_96' title='bbox 1059 929 1282 966; x_wconf 91' lang='lat' dir='ltr'>auctoritate</span> <span class='ocrx_word' id='word_1_97' title='bbox 1303 940 1508 967; x_wconf 89' lang='lat' dir='ltr'>censorum</span> 
     </span>
     <span class='ocr_line' id='line_1_13' title="bbox 253 982 1509 1044; baseline -0.001 -12"><span class='ocrx_word' id='word_1_98' title='bbox 253 995 385 1034; x_wconf 87' lang='lat' dir='ltr'>affines</span> <span class='ocrx_word' id='word_1_99' title='bbox 414 994 448 1032; x_wconf 89' lang='lat' dir='ltr'>ei</span> <span class='ocrx_word' id='word_1_100' title='bbox 477 982 700 1044; x_wconf 89' lang='lat' dir='ltr'>turpitudini</span> <span class='ocrx_word' id='word_1_101' title='bbox 728 994 895 1032; x_wconf 86' lang='lat' dir='ltr'>iudicari.</span> <span class='ocrx_word' id='word_1_102' title='bbox 954 995 1032 1032; x_wconf 91' lang='lat' dir='ltr'>Aut</span> <span class='ocrx_word' id='word_1_103' title='bbox 1061 994 1153 1031; x_wconf 91' lang='lat' dir='ltr'>illud</span> <span class='ocrx_word' id='word_1_104' title='bbox 1172 994 1343 1040; x_wconf 88' lang='lat' dir='ltr'>afferant,</span> <span class='ocrx_word' id='word_1_105' title='bbox 1365 994 1509 1044; x_wconf 91' lang='lat' dir='ltr'>aliquid</span> 
     </span>
     <span class='ocr_line' id='line_1_14' title="bbox 253 1059 1508 1109; baseline -0.001 -11"><span class='ocrx_word' id='word_1_106' title='bbox 253 1072 348 1106; x_wconf 86' lang='lat' dir='ltr'>esse,</span> <span class='ocrx_word' id='word_1_107' title='bbox 370 1059 476 1109; x_wconf 90' lang='lat' dir='ltr'>quod</span> <span class='ocrx_word' id='word_1_108' title='bbox 496 1059 544 1097; x_wconf 92' lang='lat' dir='ltr'>de</span> <span class='ocrx_word' id='word_1_109' title='bbox 564 1059 609 1096; x_wconf 88' lang='lat' dir='ltr'>iis</span> <span class='ocrx_word' id='word_1_110' title='bbox 631 1059 781 1097; x_wconf 92' lang='lat' dir='ltr'>duobus</span> <span class='ocrx_word' id='word_1_111' title='bbox 800 1059 1000 1098; x_wconf 82' lang='lat' dir='ltr'>habuerint</span> <span class='ocrx_word' id='word_1_112' title='bbox 1029 1065 1285 1109; x_wconf 91' lang='lat' dir='ltr'>compertum,</span> <span class='ocrx_word' id='word_1_113' title='bbox 1298 1059 1354 1097; x_wconf 88' lang='lat' dir='ltr'>.de</span> <span class='ocrx_word' id='word_1_114' title='bbox 1374 1059 1508 1098; x_wconf 87' lang='lat' dir='ltr'>ceteris</span> 
     </span>
     <span class='ocr_line' id='line_1_15' title="bbox 255 1120 1226 1175; baseline -0.008 -11"><span class='ocrx_word' id='word_1_115' title='bbox 255 1125 503 1175; x_wconf 90' lang='lat' dir='ltr'>comperisse.</span> <span class='ocrx_word' id='word_1_116' title='bbox 1207 1120 1226 1131; x_wconf 74' lang='grc'>”</span> 
     </span>
     <span class='ocr_line' id='line_1_16' title="bbox 201 1189 1508 1240; baseline -0.002 -10"><span class='ocrx_word' id='word_1_117' title='bbox 201 1208 238 1239; x_wconf 87' lang='lat'>15</span> <span class='ocrx_word' id='word_1_118' title='bbox 309 1194 381 1229; x_wconf 85' lang='lat'>46.</span> <span class='ocrx_word' id='word_1_119' title='bbox 417 1192 502 1228; x_wconf 89' lang='lat'>128.</span> <span class='ocrx_word' id='word_1_120' title='bbox 532 1189 636 1228; x_wconf 90' lang='lat' dir='ltr'>Nam</span> <span class='ocrx_word' id='word_1_121' title='bbox 665 1190 757 1228; x_wconf 91' lang='lat' dir='ltr'>illud</span> <span class='ocrx_word' id='word_1_122' title='bbox 786 1190 942 1239; x_wconf 90' lang='lat' dir='ltr'>quidem</span> <span class='ocrx_word' id='word_1_123' title='bbox 971 1191 1129 1228; x_wconf 90' lang='lat' dir='ltr'>minime</span> <span class='ocrx_word' id='word_1_124' title='bbox 1158 1190 1402 1240; x_wconf 85' lang='lat' dir='ltr'>probandum</span> <span class='ocrx_word' id='word_1_125' title='bbox 1439 1197 1508 1236; x_wconf 91' lang='lat' dir='ltr'>est,</span> 
     </span>
     <span class='ocr_line' id='line_1_17' title="bbox 257 1255 1509 1306; baseline -0.002 -11"><span class='ocrx_word' id='word_1_126' title='bbox 257 1257 307 1295; x_wconf 88' lang='lat' dir='ltr'>ad</span> <span class='ocrx_word' id='word_1_127' title='bbox 326 1257 545 1295; x_wconf 89' lang='lat' dir='ltr'>notationes</span> <span class='ocrx_word' id='word_1_128' title='bbox 574 1256 917 1305; x_wconf 84' lang='lat' dir='ltr'>auctoritatemque</span> <span class='ocrx_word' id='word_1_129' title='bbox 946 1255 1162 1294; x_wconf 88' lang='lat' dir='ltr'>censoriam</span> <span class='ocrx_word' id='word_1_130' title='bbox 1182 1255 1403 1306; x_wconf 87' lang='lat' dir='ltr'>exemplum</span> <span class='ocrx_word' id='word_1_131' title='bbox 1426 1255 1509 1294; x_wconf 91' lang='lat' dir='ltr'>illos</span> 
     </span>
     <span class='ocr_line' id='line_1_18' title="bbox 258 1320 1510 1361; baseline -0.002 0"><span class='ocrx_word' id='word_1_132' title='bbox 258 1336 280 1361; x_wconf 87' lang='lat' dir='ltr'>a</span> <span class='ocrx_word' id='word_1_133' title='bbox 319 1322 599 1361; x_wconf 87' lang='lat' dir='ltr'>consuetudine</span> <span class='ocrx_word' id='word_1_134' title='bbox 638 1321 789 1359; x_wconf 85' lang='lat' dir='ltr'>militari</span> <span class='ocrx_word' id='word_1_135' title='bbox 827 1321 1075 1359; x_wconf 84' lang='lat' dir='ltr'>transtulisse.</span> <span class='ocrx_word' id='word_1_136' title='bbox 1151 1320 1370 1359; x_wconf 87' lang='lat' dir='ltr'>Statuerunt</span> <span class='ocrx_word' id='word_1_137' title='bbox 1406 1321 1510 1358; x_wconf 86' lang='lat' dir='ltr'>enim</span> 
     </span>
     <span class='ocr_line' id='line_1_19' title="bbox 256 1387 1511 1437; baseline -0.002 -11"><span class='ocrx_word' id='word_1_138' title='bbox 256 1390 308 1427; x_wconf 86' lang='lat' dir='ltr'>ita</span> <span class='ocrx_word' id='word_1_139' title='bbox 346 1388 511 1426; x_wconf 88' lang='lat' dir='ltr'>maiores</span> <span class='ocrx_word' id='word_1_140' title='bbox 549 1387 682 1433; x_wconf 89' lang='lat' dir='ltr'>nostri,</span> <span class='ocrx_word' id='word_1_141' title='bbox 712 1394 764 1433; x_wconf 90' lang='lat' dir='ltr'>ut,</span> <span class='ocrx_word' id='word_1_142' title='bbox 803 1388 834 1425; x_wconf 88' lang='lat' dir='ltr'>si</span> <span class='ocrx_word' id='word_1_143' title='bbox 872 1399 895 1424; x_wconf 90' lang='lat' dir='ltr'>a</span> <span class='ocrx_word' id='word_1_144' title='bbox 931 1387 1060 1425; x_wconf 89' lang='lat' dir='ltr'>multis</span> <span class='ocrx_word' id='word_1_145' title='bbox 1098 1392 1198 1425; x_wconf 88' lang='lat' dir='ltr'>esset</span> <span class='ocrx_word' id='word_1_146' title='bbox 1235 1387 1420 1437; x_wconf 85' lang='lat' dir='ltr'>flagitium</span> <span class='ocrx_word' id='word_1_147' title='bbox 1457 1387 1511 1425; x_wconf 88' lang='lat' dir='ltr'>rei</span> 
     </span>
     <span class='ocr_line' id='line_1_20' title="bbox 257 1452 1510 1502; baseline -0.002 -9"><span class='ocrx_word' id='word_1_148' title='bbox 257 1454 427 1493; x_wconf 89' lang='lat' dir='ltr'>militaris</span> <span class='ocrx_word' id='word_1_149' title='bbox 461 1453 684 1498; x_wconf 88' lang='lat' dir='ltr'>admissum,</span> <span class='ocrx_word' id='word_1_150' title='bbox 715 1453 911 1491; x_wconf 89' lang='lat' dir='ltr'>sortitione</span> <span class='ocrx_word' id='word_1_151' title='bbox 944 1453 983 1490; x_wconf 90' lang='lat' dir='ltr'>in</span> <span class='ocrx_word' id='word_1_152' title='bbox 1014 1453 1206 1502; x_wconf 90' lang='lat' dir='ltr'>quosdam</span> <span class='ocrx_word' id='word_1_153' title='bbox 1236 1452 1510 1492; x_wconf 86' lang='lat' dir='ltr'>animadverte—</span> 
     </span>
     <span class='ocr_line' id='line_1_21' title="bbox 202 1517 1510 1568; baseline -0.002 -9"><span class='ocrx_word' id='word_1_154' title='bbox 202 1538 241 1559; x_wconf 88' lang='lat'>20</span> <span class='ocrx_word' id='word_1_155' title='bbox 257 1529 380 1558; x_wconf 87' lang='lat' dir='ltr'>retur:</span> <span class='ocrx_word' id='word_1_156' title='bbox 420 1525 462 1557; x_wconf 89' lang='lat' dir='ltr'>ut</span> <span class='ocrx_word' id='word_1_157' title='bbox 498 1525 623 1557; x_wconf 89' lang='lat' dir='ltr'>metus</span> <span class='ocrx_word' id='word_1_158' title='bbox 654 1517 827 1556; x_wconf 85' lang='lat' dir='ltr'>videlicet</span> <span class='ocrx_word' id='word_1_159' title='bbox 860 1518 910 1556; x_wconf 89' lang='lat' dir='ltr'>ad</span> <span class='ocrx_word' id='word_1_160' title='bbox 944 1529 1091 1563; x_wconf 89' lang='lat' dir='ltr'>omnes,</span> <span class='ocrx_word' id='word_1_161' title='bbox 1123 1529 1250 1567; x_wconf 87' lang='lat' dir='ltr'>poena</span> <span class='ocrx_word' id='word_1_162' title='bbox 1287 1517 1338 1556; x_wconf 89' lang='lat' dir='ltr'>ad</span> <span class='ocrx_word' id='word_1_163' title='bbox 1365 1529 1510 1568; x_wconf 86' lang='lat' dir='ltr'>paucos</span> 
     </span>
     <span class='ocr_line' id='line_1_22' title="bbox 254 1583 1511 1636; baseline -0.002 -13"><span class='ocrx_word' id='word_1_164' title='bbox 254 1585 486 1636; x_wconf 65' lang='lat' dir='ltr'>perveniret.⁴</span> <span class='ocrx_word' id='word_1_165' title='bbox 536 1583 656 1630; x_wconf 86' lang='lat' dir='ltr'>Quod</span> <span class='ocrx_word' id='word_1_166' title='bbox 684 1583 787 1621; x_wconf 93' lang='lat' dir='ltr'>idem</span> <span class='ocrx_word' id='word_1_167' title='bbox 816 1583 940 1621; x_wconf 84' lang='lat' dir='ltr'>facere</span> <span class='ocrx_word' id='word_1_168' title='bbox 969 1594 1149 1620; x_wconf 86' lang='lat' dir='ltr'>censores</span> <span class='ocrx_word' id='word_1_169' title='bbox 1182 1583 1222 1620; x_wconf 92' lang='lat' dir='ltr'>in</span> <span class='ocrx_word' id='word_1_170' title='bbox 1251 1583 1400 1621; x_wconf 88' lang='lat' dir='ltr'>delectu</span> <span class='ocrx_word' id='word_1_171' title='bbox 1428 1583 1511 1632; x_wconf 86' lang='lat' dir='ltr'>dig-</span> 
     </span>
     <span class='ocr_line' id='line_1_23' title="bbox 257 1647 1510 1695; baseline -0.002 -7"><span class='ocrx_word' id='word_1_172' title='bbox 257 1650 396 1695; x_wconf 86' lang='lat' dir='ltr'>nitatis,</span> <span class='ocrx_word' id='word_1_173' title='bbox 412 1656 449 1686; x_wconf 89' lang='lat' dir='ltr'>et</span> <span class='ocrx_word' id='word_1_174' title='bbox 469 1649 508 1686; x_wconf 93' lang='lat' dir='ltr'>in</span> <span class='ocrx_word' id='word_1_175' title='bbox 528 1648 669 1686; x_wconf 91' lang='lat' dir='ltr'>iudicio</span> <span class='ocrx_word' id='word_1_176' title='bbox 690 1648 840 1693; x_wconf 89' lang='lat' dir='ltr'>civium,</span> <span class='ocrx_word' id='word_1_177' title='bbox 857 1654 893 1685; x_wconf 91' lang='lat' dir='ltr'>et</span> <span class='ocrx_word' id='word_1_178' title='bbox 912 1648 952 1684; x_wconf 88' lang='lat' dir='ltr'>in</span> <span class='ocrx_word' id='word_1_179' title='bbox 973 1647 1303 1686; x_wconf 87' lang='lat' dir='ltr'>animadversione</span> <span class='ocrx_word' id='word_1_180' title='bbox 1322 1648 1510 1693; x_wconf 86' lang='lat' dir='ltr'>vitiorum,</span> 
     </span>
     <span class='ocr_line' id='line_1_24' title="bbox 257 1712 1512 1765; baseline -0.002 -12"><span class='ocrx_word' id='word_1_181' title='bbox 257 1716 324 1765; x_wconf 92' lang='lat' dir='ltr'>qui</span> <span class='ocrx_word' id='word_1_182' title='bbox 356 1713 561 1752; x_wconf 88' lang='lat' dir='ltr'>convenit?</span> <span class='ocrx_word' id='word_1_183' title='bbox 618 1712 722 1750; x_wconf 88' lang='lat' dir='ltr'>Nam</span> <span class='ocrx_word' id='word_1_184' title='bbox 752 1713 872 1758; x_wconf 88' lang='lat' dir='ltr'>miles,</span> <span class='ocrx_word' id='word_1_185' title='bbox 907 1712 971 1761; x_wconf 92' lang='lat' dir='ltr'>qui</span> <span class='ocrx_word' id='word_1_186' title='bbox 1004 1712 1135 1750; x_wconf 92' lang='lat' dir='ltr'>locum</span> <span class='ocrx_word' id='word_1_187' title='bbox 1167 1723 1248 1750; x_wconf 91' lang='lat' dir='ltr'>non</span> <span class='ocrx_word' id='word_1_188' title='bbox 1281 1712 1412 1758; x_wconf 86' lang='lat' dir='ltr'>tenuit,</span> <span class='ocrx_word' id='word_1_189' title='bbox 1446 1713 1512 1762; x_wconf 92' lang='lat' dir='ltr'>qui</span> 
     </span>
     <span class='ocr_line' id='line_1_25' title="bbox 258 1778 1512 1830; baseline -0.003 -10"><span class='ocrx_word' id='word_1_190' title='bbox 258 1782 428 1820; x_wconf 89' lang='lat' dir='ltr'>hostium</span> <span class='ocrx_word' id='word_1_191' title='bbox 457 1780 646 1830; x_wconf 88' lang='lat' dir='ltr'>impetum</span> <span class='ocrx_word' id='word_1_192' title='bbox 675 1779 828 1828; x_wconf 89' lang='lat' dir='ltr'>vimque</span> <span class='ocrx_word' id='word_1_193' title='bbox 857 1779 1060 1828; x_wconf 88' lang='lat' dir='ltr'>pertimuit,</span> <span class='ocrx_word' id='word_1_194' title='bbox 1091 1784 1218 1827; x_wconf 89' lang='lat' dir='ltr'>potest</span> <span class='ocrx_word' id='word_1_195' title='bbox 1246 1778 1348 1816; x_wconf 87' lang='lat' dir='ltr'>idem</span> <span class='ocrx_word' id='word_1_196' title='bbox 1377 1785 1512 1828; x_wconf 86' lang='lat' dir='ltr'>postea</span> 
     </span>
     <span class='ocr_line' id='line_1_26' title="bbox 204 1842 1510 1896; baseline -0.004 -10"><span class='ocrx_word' id='word_1_197' title='bbox 204 1864 241 1896; x_wconf 88' lang='lat'>²5</span> <span class='ocrx_word' id='word_1_198' title='bbox 259 1853 296 1885; x_wconf 90' lang='lat' dir='ltr'>et</span> <span class='ocrx_word' id='word_1_199' title='bbox 315 1846 424 1884; x_wconf 82' lang='lat' dir='ltr'>miles</span> <span class='ocrx_word' id='word_1_200' title='bbox 453 1857 538 1882; x_wconf 86' lang='lat' dir='ltr'>esse</span> <span class='ocrx_word' id='word_1_201' title='bbox 567 1844 713 1889; x_wconf 90' lang='lat' dir='ltr'>melior,</span> <span class='ocrx_word' id='word_1_202' title='bbox 734 1850 772 1881; x_wconf 93' lang='lat' dir='ltr'>et</span> <span class='ocrx_word' id='word_1_203' title='bbox 792 1843 847 1881; x_wconf 91' lang='lat' dir='ltr'>vir</span> <span class='ocrx_word' id='word_1_204' title='bbox 865 1844 1004 1888; x_wconf 79' lang='lat' dir='ltr'>bonus,</span> <span class='ocrx_word' id='word_1_205' title='bbox 1026 1848 1064 1880; x_wconf 94' lang='lat' dir='ltr'>et</span> <span class='ocrx_word' id='word_1_206' title='bbox 1093 1842 1184 1880; x_wconf 89' lang='lat' dir='ltr'>civis</span> <span class='ocrx_word' id='word_1_207' title='bbox 1204 1842 1312 1880; x_wconf 88' lang='lat' dir='ltr'>utilis.</span> <span class='ocrx_word' id='word_1_208' title='bbox 1371 1842 1510 1890; x_wconf 87' lang='lat' dir='ltr'>Quare,</span> 
     </span>
     <span class='ocr_line' id='line_1_27' title="bbox 258 1907 1513 1959; baseline -0.002 -9"><span class='ocrx_word' id='word_1_209' title='bbox 258 1925 307 1951; x_wconf 87' lang='lat' dir='ltr'>ne</span> <span class='ocrx_word' id='word_1_210' title='bbox 336 1912 375 1949; x_wconf 91' lang='lat' dir='ltr'>in</span> <span class='ocrx_word' id='word_1_211' title='bbox 395 1910 497 1948; x_wconf 89' lang='lat' dir='ltr'>bello</span> <span class='ocrx_word' id='word_1_212' title='bbox 526 1915 685 1959; x_wconf 90' lang='lat' dir='ltr'>propter</span> <span class='ocrx_word' id='word_1_213' title='bbox 714 1909 881 1947; x_wconf 90' lang='lat' dir='ltr'>hostium</span> <span class='ocrx_word' id='word_1_214' title='bbox 910 1915 1054 1946; x_wconf 89' lang='lat' dir='ltr'>metum</span> <span class='ocrx_word' id='word_1_215' title='bbox 1084 1907 1330 1957; x_wconf 88' lang='lat' dir='ltr'>delinqueret,</span> <span class='ocrx_word' id='word_1_216' title='bbox 1350 1908 1513 1959; x_wconf 89' lang='lat' dir='ltr'>amplior</span> 
     </span>
     <span class='ocr_line' id='line_1_28' title="bbox 259 1973 1512 2024; baseline -0.003 -8"><span class='ocrx_word' id='word_1_217' title='bbox 259 1979 295 2016; x_wconf 88' lang='lat' dir='ltr'>ei</span> <span class='ocrx_word' id='word_1_218' title='bbox 321 1976 454 2014; x_wconf 90' lang='lat' dir='ltr'>mortis</span> <span class='ocrx_word' id='word_1_219' title='bbox 475 1981 512 2013; x_wconf 90' lang='lat' dir='ltr'>et</span> <span class='ocrx_word' id='word_1_220' title='bbox 532 1974 707 2024; x_wconf 86' lang='lat' dir='ltr'>supplicii</span> <span class='ocrx_word' id='word_1_221' title='bbox 736 1981 860 2012; x_wconf 89' lang='lat' dir='ltr'>metus</span> <span class='ocrx_word' id='word_1_222' title='bbox 890 1981 947 2011; x_wconf 90' lang='lat' dir='ltr'>est</span> <span class='ocrx_word' id='word_1_223' title='bbox 976 1986 998 2011; x_wconf 86' lang='lat' dir='ltr'>a</span> <span class='ocrx_word' id='word_1_224' title='bbox 1025 1973 1234 2011; x_wconf 87' lang='lat' dir='ltr'>maioribus</span> <span class='ocrx_word' id='word_1_225' title='bbox 1263 1973 1512 2012; x_wconf 85' lang='lat' dir='ltr'>constitutus:</span> 
     </span>
     <span class='ocr_line' id='line_1_29' title="bbox 262 2038 1514 2088; baseline -0.002 -7"><span class='ocrx_word' id='word_1_226' title='bbox 262 2056 311 2081; x_wconf 92' lang='lat' dir='ltr'>ne</span> <span class='ocrx_word' id='word_1_227' title='bbox 341 2048 468 2080; x_wconf 87' lang='lat' dir='ltr'>autem</span> <span class='ocrx_word' id='word_1_228' title='bbox 488 2041 649 2077; x_wconf 88' lang='lat' dir='ltr'>nimium</span> <span class='ocrx_word' id='word_1_229' title='bbox 679 2040 786 2077; x_wconf 90' lang='lat' dir='ltr'>multi</span> <span class='ocrx_word' id='word_1_230' title='bbox 806 2051 973 2088; x_wconf 86' lang='lat' dir='ltr'>poenam</span> <span class='ocrx_word' id='word_1_231' title='bbox 1003 2038 1137 2087; x_wconf 89' lang='lat' dir='ltr'>capitis</span> <span class='ocrx_word' id='word_1_232' title='bbox 1166 2038 1345 2084; x_wconf 89' lang='lat' dir='ltr'>subirent,</span> <span class='ocrx_word' id='word_1_233' title='bbox 1367 2038 1514 2078; x_wconf 89' lang='lat' dir='ltr'>idcirco</span> 
     </span>
     <span class='ocr_line' id='line_1_30' title="bbox 260 2103 1512 2155; baseline -0.003 -9"><span class='ocrx_word' id='word_1_234' title='bbox 260 2109 322 2147; x_wconf 86' lang='lat' dir='ltr'>illa</span> <span class='ocrx_word' id='word_1_235' title='bbox 352 2106 498 2146; x_wconf 89' lang='lat' dir='ltr'>sortitio</span> <span class='ocrx_word' id='word_1_236' title='bbox 527 2112 751 2155; x_wconf 84' lang='lat' dir='ltr'>comparata</span> <span class='ocrx_word' id='word_1_237' title='bbox 789 2111 857 2142; x_wconf 92' lang='lat' dir='ltr'>est.</span> <span class='ocrx_word' id='word_1_238' title='bbox 921 2117 1007 2153; x_wconf 88' lang='lat'><strong>129.</strong></span> <span class='ocrx_word' id='word_1_239' title='bbox 1038 2103 1130 2141; x_wconf 92' lang='lat' dir='ltr'>Hoc</span> <span class='ocrx_word' id='word_1_240' title='bbox 1166 2110 1207 2140; x_wconf 92' lang='lat' dir='ltr'>tu</span> <span class='ocrx_word' id='word_1_241' title='bbox 1245 2103 1347 2141; x_wconf 88' lang='lat' dir='ltr'>idem</span> <span class='ocrx_word' id='word_1_242' title='bbox 1384 2103 1512 2150; x_wconf 83' lang='lat' dir='ltr'>facieS,</span> 
     </span>
     <span class='ocr_line' id='line_1_31' title="bbox 204 2169 1514 2222; baseline -0.005 -9"><span class='ocrx_word' id='word_1_243' title='bbox 204 2192 246 2222; x_wconf 85' lang='lat'>30</span> <span class='ocrx_word' id='word_1_244' title='bbox 263 2185 412 2220; x_wconf 84' lang='lat' dir='ltr'>censor,</span> <span class='ocrx_word' id='word_1_245' title='bbox 432 2172 471 2210; x_wconf 92' lang='lat' dir='ltr'>in</span> <span class='ocrx_word' id='word_1_246' title='bbox 493 2178 628 2210; x_wconf 88' lang='lat' dir='ltr'>senatu</span> <span class='ocrx_word' id='word_1_247' title='bbox 650 2170 843 2220; x_wconf 84' lang='lat' dir='ltr'>legendo?</span> <span class='ocrx_word' id='word_1_248' title='bbox 902 2169 941 2207; x_wconf 92' lang='lat' dir='ltr'>Si</span> <span class='ocrx_word' id='word_1_249' title='bbox 961 2176 1070 2207; x_wconf 92' lang='lat' dir='ltr'>erunt</span> <span class='ocrx_word' id='word_1_250' title='bbox 1088 2169 1230 2218; x_wconf 79' lang='lat' dir='ltr'>plures,</span> <span class='ocrx_word' id='word_1_251' title='bbox 1247 2169 1312 2218; x_wconf 93' lang='lat' dir='ltr'>qui</span> <span class='ocrx_word' id='word_1_252' title='bbox 1331 2169 1384 2207; x_wconf 94' lang='lat' dir='ltr'>ob</span> <span class='ocrx_word' id='word_1_253' title='bbox 1403 2169 1514 2207; x_wconf 88' lang='lat' dir='ltr'>inno-</span> 
     </span>
     <span class='ocr_line' id='line_1_32' title="bbox 261 2234 1514 2286; baseline -0.005 -9"><span class='ocrx_word' id='word_1_254' title='bbox 261 2246 414 2278; x_wconf 88' lang='lat' dir='ltr'>centem</span> <span class='ocrx_word' id='word_1_255' title='bbox 461 2236 803 2275; x_wconf 87' lang='lat' dir='ltr'>condemnandum</span> <span class='ocrx_word' id='word_1_256' title='bbox 843 2236 1048 2286; x_wconf 91' lang='lat' dir='ltr'>pecuniam</span> <span class='ocrx_word' id='word_1_257' title='bbox 1085 2234 1312 2283; x_wconf 87' lang='lat' dir='ltr'>acceperint,</span> <span class='ocrx_word' id='word_1_258' title='bbox 1352 2240 1394 2272; x_wconf 89' lang='lat' dir='ltr'>tu</span> <span class='ocrx_word' id='word_1_259' title='bbox 1433 2246 1514 2272; x_wconf 88' lang='lat' dir='ltr'>non</span> 
     </span>
     <span class='ocr_line' id='line_1_33' title="bbox 263 2299 1512 2350; baseline -0.006 -7"><span class='ocrx_word' id='word_1_260' title='bbox 263 2303 542 2345; x_wconf 80' lang='lat' dir='ltr'>animadvertes</span> <span class='ocrx_word' id='word_1_261' title='bbox 573 2302 612 2339; x_wconf 88' lang='lat' dir='ltr'>in</span> <span class='ocrx_word' id='word_1_262' title='bbox 643 2313 791 2347; x_wconf 87' lang='lat' dir='ltr'>ornnes,</span> <span class='ocrx_word' id='word_1_263' title='bbox 823 2300 890 2339; x_wconf 90' lang='lat' dir='ltr'>sed</span> <span class='ocrx_word' id='word_1_264' title='bbox 923 2312 1068 2350; x_wconf 89' lang='lat' dir='ltr'>carpes,</span> <span class='ocrx_word' id='word_1_265' title='bbox 1096 2306 1136 2337; x_wconf 91' lang='lat' dir='ltr'>ut</span> <span class='ocrx_word' id='word_1_266' title='bbox 1168 2299 1271 2346; x_wconf 88' lang='lat' dir='ltr'>velis,</span> <span class='ocrx_word' id='word_1_267' title='bbox 1300 2304 1512 2350; x_wconf 42' lang='lat' dir='ltr'>et&#39;paucos</span> 
     </span>
    </p>
   </div>
   <div class='ocr_carea' id='block_1_3' title="bbox 1508 0 1650 2554">
    <p class='ocr_par' dir='ltr' id='par_1_3' title="bbox 1508 0 1650 2554">
     <span class='ocr_line' id='line_1_34' title="bbox 1508 0 1650 2554; baseline 0 0"><span class='ocrx_word' id='word_1_268' title='bbox 1508 0 1650 2554; x_wconf 95' lang='lat' dir='ltr'> </span> 
     </span>
    </p>
   </div>
  </div>
 </body>
</html>
