1650 2554
151 179 190 217 ἧς
206 176 348 218 82—87.
479 173 656 207 ORATIO
683 173 779 206 PRO
807 171 854 206 Α.
887 173 1131 207 CLUENTIO.
1335 172 1387 223 95

146 280 290 330 gratiae
320 278 496 318 Staienus
525 286 606 318 tum
636 278 778 317 recenti
803 290 854 326 ιε,
886 290 1006 329 quum
1035 278 1209 317 faucibus
1238 290 1388 327 preme-

146 351 257 391 retur,
289 345 524 395 excogitavit,
558 346 637 383 sive
669 350 712 382 ut
743 344 920 382 homines
954 351 1035 382 tum
1068 344 1331 394 loquebantur,
1365 355 1389 382 a

145 409 188 448 P.
205 409 378 460 Cethego
397 409 615 448 admonitus
631 409 759 458 [istam
780 409 884 447 dedit
901 409 1174 447 conciliationis
1190 414 1227 446 et
1245 409 1388 458 gratiae

145 475 342 524 fabulam]
402 477 466 523 85.
495 474 598 513 Nam
627 475 743 513 fuisse
771 474 872 513 hunc
900 482 981 513 tum
1011 474 1211 512 hominum
1242 485 1388 511 sermo-

145 551 247 587 nem,
267 540 458 578 recordari
477 541 656 590 potestis:
688 534 914 590 Cethegum,
936 540 1042 590 quod
1064 539 1260 577 hominem
1285 539 1388 576 odis·
1404 553 1422 585 5

145 611 214 650 set,
234 611 273 643 et
292 606 398 655 quod
417 606 497 644 eius
517 606 800 656 improbitatem
815 606 953 643 versari
968 606 1008 642 in
1027 616 1066 642 re
1086 603 1238 653 publica
1256 603 1384 649 nollet,

144 676 183 708 et
215 670 321 720 quod
353 671 504 717 videret,
533 683 633 717 eum,
666 671 732 721 qui
765 682 806 710 se
838 672 887 709 ab
920 682 986 708 reo
1018 668 1233 719 pecuniam,
1267 681 1387 718 quum

143 734 258 773 iudex
277 741 388 781 esset,
408 735 507 773 clam
527 742 640 785 atque
660 742 766 774 extra
784 736 960 775 ordinem
973 734 1168 783 accepisse
1187 733 1386 771 confessus

144 807 255 846 esset,
285 800 429 838 salvum
458 811 543 838 esse
570 811 651 838 non
678 813 805 851 posse,
834 801 962 838 minus
987 799 1021 837 ei
1050 798 1161 837 fidele
1185 799 1388 837 consilium

144 864 304 903 dedisse.
363 863 412 902 In
430 863 505 902 hoc
529 863 560 901 si
578 863 776 913 improbus
805 861 1000 912 Cethegus
1025 863 1104 910 fuit,
1123 863 1270 902 videtur
1295 864 1443 902 mihim

144 929 399 968 adversarium
418 939 613 966 removere
633 927 808 965 voluisse.
866 926 934 965 Sin
953 935 1032 966 erat
1052 928 1239 967 eiusmodi
1260 940 1384 976 causa,

144 1001 185 1033 ut
215 994 391 1033 Staienus
422 1003 603 1030 nummos
636 1003 678 1029 se
711 992 906 1042 accepisse
939 1004 1080 1042 negare
1114 1005 1194 1031 non
1231 999 1385 1043 posset:

147 1059 255 1106 (nihil
293 1065 421 1096 autem
458 1063 538 1096 erat
574 1057 831 1107 periculosius,
869 1069 942 1095 nec
980 1058 1136 1108 turpius,
1174 1070 1302 1108 quam,
1337 1058 1387 1096 ad

144 1136 261 1175 quam
287 1135 369 1162 rem
396 1123 615 1172 accepisset,
644 1122 815 1161 confiteri
829 1121 855 1174 t)
886 1135 967 1161 non
995 1130 1051 1161 est
1080 1124 1282 1162 consilium
1311 1123 1385 1162 Ce-

143 1188 247 1238 thegi
262 1189 629 1238 reprehendendum.
676 1189 739 1226 86.
759 1188 905 1226 Verum
919 1188 992 1226 alia
1008 1200 1124 1226 causa
1143 1194 1224 1226 tum
1243 1188 1385 1226 Staieni
1405 1202 1441 1236 15

144 1253 224 1300 fuit,
253 1253 326 1291 alia
351 1266 464 1300 nunc,
491 1254 583 1300 Atti,
604 1260 670 1292 tua
694 1260 763 1292 est.
819 1253 899 1299 Ille,
925 1265 1044 1303 quum
1072 1266 1112 1291 re
1139 1260 1387 1303 premeretur,

145 1318 403 1369 quodcunque
441 1319 592 1365 diceret,
629 1317 826 1357 honestius
870 1318 1022 1364 diceret,
1053 1330 1169 1368 quam
1208 1319 1239 1357 si
1280 1319 1387 1369 quod

145 1390 225 1421 erat
257 1383 399 1422 factum
431 1383 618 1421 fateretur.
675 1383 736 1421 Te
768 1395 857 1421 vero
890 1383 982 1421 illud
1013 1382 1127 1430 idem,
1163 1383 1268 1433 quod
1306 1391 1387 1422 tum

146 1448 348 1497 explosum
377 1454 415 1486 et
444 1449 606 1486 eiectum
635 1454 703 1495 est,
735 1460 838 1486 nunc
868 1448 1042 1486 retulisse
1073 1447 1249 1486 demiror.
1307 1448 1386 1495 Qui

144 1513 248 1550 enim
274 1520 422 1562 poterat
446 1519 527 1551 tum
550 1514 588 1551 in
611 1514 771 1564 gratiam
794 1513 916 1551 redire
939 1525 1027 1552 cum
1053 1513 1270 1563 Oppianico
1296 1513 1385 1552 Clu·
1403 1530 1443 1553 20

145 1579 280 1624 entius,
316 1579 383 1628 qui
419 1591 507 1617 cum
544 1586 664 1617 matre
701 1579 865 1617 habebat
897 1578 1133 1617 simultates?
1190 1578 1386 1619 Haerebat

144 1644 184 1682 in
214 1644 349 1682 tabulis
378 1644 538 1693 publicis
568 1656 654 1682 reus
684 1651 722 1682 et
749 1650 969 1683 accusator:
1005 1643 1250 1682 condemnati
1279 1651 1388 1683 erant

144 1708 328 1747 Fabricii:
368 1721 440 1748 nec
469 1710 567 1748 elabi
600 1710 672 1748 alio
702 1716 923 1748 accusatore
954 1715 1102 1760 poterat
1134 1708 1280 1755 Albius,
1314 1722 1388 1749 nec

145 1773 227 1812 sine
256 1774 467 1824 ignominia
496 1773 707 1813 calumniae
737 1774 948 1824 relinquere
979 1773 1264 1813 accusationem
1294 1773 1386 1813 Clu-

143 1839 280 1879 entius.
1405 1856 1442 1889 ²5

198 1907 268 1944 32.
323 1906 386 1952 87.
415 1903 480 1942 An
507 1910 549 1942 ut
575 1904 920 1954 praevaricaretur?
974 1905 1058 1943 Iam
1085 1904 1125 1943 id
1153 1916 1306 1955 quoque
1339 1904 1389 1943 ad

146 1969 466 2018 corrumpendum
494 1969 675 2007 iudicium
703 1969 876 2018 pertinet.
945 1969 1021 2008 Sed
1054 1970 1146 2020 quid
1174 1981 1273 2020 opus
1307 1976 1386 2008 erat

147 2033 210 2084 ad,
227 2045 314 2071 eam
343 2045 426 2072 rem
457 2033 581 2071 iudice
610 2034 829 2083 sequestre?
866 2040 904 2072 et
930 2034 1103 2081 omnino,
1132 2034 1386 2084 quamobrem

146 2103 228 2137 tota
252 2099 324 2138 ista
350 2111 411 2137 res
436 2110 506 2148 per
534 2098 728 2136 Staienum
757 2100 895 2149 potius,
923 2099 1119 2138 hominem
1147 2099 1197 2137 ab
1223 2105 1386 2148 utroque

148 2162 429 2210 alienissimum,
474 2162 792 2210 sordidissimum,
838 2164 1108 2214 turpissimum,
1155 2175 1271 2213 quam
1317 2175 1386 2212 per
1400 2178 1443 2210 30

47 2226 50 2227 ⁷
109 2276 111 2281 ,
148 2226 295 2265 bonum
325 2228 491 2278 aliquem
527 2229 647 2266 virum
680 2234 864 2278 ageretur,
903 2235 939 2267 et
976 2228 1141 2266 amicum
1179 2228 1384 2265 necessari-

148 2302 290 2342 umque
310 2293 582 2332 communem?
652 2292 730 2331 Sed
748 2293 840 2344 quid
859 2305 933 2343 ego
958 2293 1055 2332 haec
1074 2292 1254 2343 pluribus,
1275 2291 1384 2342 quasi
