1650 2554
247 161 302 206 62
609 171 661 205 M.
695 170 853 204 TULLII
882 171 1135 204 CICERONIS
1334 178 1384 204 00.
1400 170 1502 209 a—s,

246 276 409 316 invidiae
455 277 634 327 periculis
677 277 840 317 dicenda
881 289 967 316 esse
1004 277 1225 316 videantur:
1271 283 1414 324 tamen,
1452 289 1503 316 ne

245 343 385 381 diutius
416 344 590 381 oratione
620 355 708 382 mea
742 355 931 393 suspensa
963 342 1181 391 expectatio
1211 348 1336 380 vestra
1370 349 1501 380 tenea-

243 413 313 454 tur,
341 408 544 457 aggrediar
573 408 622 446 ad
651 409 798 446 crimen
826 419 915 446 cum
944 407 1006 445 illa
1034 406 1315 456 deprecatione,
1342 407 1500 454 iudices,

244 485 321 523 qua
346 472 438 510 mihi
465 474 619 523 saepius
646 473 833 511 utendum
859 485 945 511 esse
971 472 1154 520 intelligo,
1175 471 1229 510 sic
1249 478 1291 509 ut
1310 484 1373 509 me
1392 472 1501 510 audi-

208 555 226 586 5
244 539 326 585 atis,
347 540 456 589 quasi
475 539 550 577 hoc
572 546 745 589 tempore
769 539 864 577 haec
884 550 1000 576 causa
1025 538 1191 588 primum
1211 538 1368 583 dicatur,
1390 537 1502 575 sicuti

244 604 400 642 dicitur:
430 616 510 642 non
530 605 639 653 quasi
660 616 777 655 saepe
804 604 881 642 iam
908 603 1009 641 dicta
1035 608 1072 640 et
1098 614 1310 652 numquam
1337 603 1502 652 probata

244 670 303 708 sit.
360 669 563 708 Hodierno
595 671 698 708 enim
729 670 790 708 die
823 670 992 719 primum
1021 669 1157 707 veteris
1190 669 1297 707 istius
1332 669 1500 707 criminis

243 735 413 773 diluendi
451 741 623 785 potestas
658 742 714 773 est
749 736 858 773 data:
901 741 991 772 ante
1028 733 1104 772 hoc
1139 741 1291 783 tempus
1325 745 1429 771 error
1461 734 1501 772 in

243 799 316 839 hac
344 812 461 839 causa
490 806 604 850 atque
634 800 774 838 invidia
801 806 950 838 versata
979 805 1047 838 est.
1110 799 1379 846 Quamobrem
1408 798 1502 837 dum

191 882 230 904 10
245 866 453 904 multorum
482 878 675 904 annorum
707 865 943 904 accusationi
976 865 1139 903 breviter
1169 865 1411 914 dilucideque
1444 876 1502 903 re-

244 931 433 981 spondeo,
454 943 611 980 quaeso,
633 938 675 969 ut
700 943 773 975 me,
794 931 951 977 iudices,
977 930 1090 968 sicuti
1118 930 1244 968 facere
1272 929 1500 976 instituistis,

245 997 413 1046 benigne
434 1003 654 1045 attenteque
673 996 846 1036 audiatis.

297 1065 337 1100 4.
380 1075 415 1111 9.
445 1061 673 1111 Corrupisse
700 1062 835 1100 dicitur
868 1060 917 1100 A.
947 1059 1145 1098 Cluentius
1171 1058 1355 1098 iudicium
1383 1071 1500 1109 pecu-

244 1127 320 1174 nia,
353 1140 432 1177 quo
470 1127 668 1165 inimicum
705 1127 963 1171 innocentem,
999 1124 1162 1162 Statium
1200 1124 1368 1170 Albium,
1406 1137 1501 1163 con-

191 1208 229 1240 15
247 1192 454 1230 demnaret.
514 1191 742 1238 Ostendam,
769 1192 924 1236 iudices,
951 1190 1131 1240 primum,
1157 1187 1358 1241 (quoniam
1387 1196 1502 1239 caput

247 1258 344 1295 illius
373 1258 580 1296 atrocitatis
609 1263 724 1307 atque
757 1256 920 1294 invidiae
951 1255 1030 1302 fuit,
1059 1255 1307 1292 innocentem
1338 1254 1503 1304 pecunia

247 1321 577 1374 circumventum,)
598 1323 793 1361 neminem
819 1333 1004 1372 umquam
1030 1321 1240 1359 maioribus
1269 1319 1500 1366 criminibus,

245 1389 481 1439 gravioribus
503 1389 661 1427 testibus
689 1400 774 1427 esse
800 1388 840 1425 in
865 1387 1049 1425 iudicium
1068 1390 1267 1431 vocatum3
1298 1384 1437 1422 deinde
1456 1396 1503 1423 ea

246 1454 293 1493 de
319 1466 367 1493 eo
394 1454 629 1504 praeiudicia
655 1465 740 1492 esse
767 1453 867 1492 facta
893 1452 942 1490 ab
969 1451 1061 1501 ipsis
1087 1450 1285 1496 iudicibus,
1312 1462 1336 1487 a
1363 1450 1502 1499 quibus

191 1536 231 1575 29
247 1520 527 1559 condemnatus
562 1526 630 1566 est,
663 1525 706 1556 ut
739 1530 819 1556 non
851 1517 972 1555 modo
1007 1517 1056 1555 ab
1086 1515 1234 1562 iisdem,
1268 1514 1337 1553 sed
1369 1526 1419 1552 ne
1452 1514 1502 1552 ab

245 1581 325 1623 iliis
348 1585 504 1635 quidem
524 1584 620 1630 ullis,
641 1583 789 1622 absolvi
808 1583 885 1620 ullo
908 1581 1029 1620 modo
1055 1586 1196 1631 posset.
1255 1579 1388 1626 Quum
1405 1579 1502 1618 haec

246 1650 427 1697 docuero,
447 1657 529 1688 tum
554 1649 646 1687 illud
665 1648 882 1694 ostendam,
903 1646 1010 1696 quod
1034 1646 1202 1683 maxime
1227 1644 1367 1694 requiri
1391 1643 1501 1682 intel-

246 1716 335 1765 ligo,
352 1715 533 1753 iudicium
554 1714 644 1751 illud
663 1713 828 1763 pecunia
847 1724 931 1750 esse
951 1717 1150 1756 tentatum,
1166 1721 1246 1747 non
1266 1721 1288 1747 a
1309 1707 1500 1756 Cluentio,

247 1781 314 1820 sed
342 1786 478 1819 contra
503 1779 749 1818 Cluentium:
781 1777 1008 1827 faciamque,
1034 1781 1076 1813 ut
1100 1774 1328 1824 intelligatis,
1352 1774 1393 1813 in
1421 1780 1503 1814 tota

192 1862 207 1886 2
213 1863 229 1894 5
246 1846 308 1884 illa
335 1858 450 1884 causa
476 1845 569 1895 quid
594 1856 655 1883 res
680 1844 766 1894 ipsa
792 1842 928 1888 tulerit,
949 1841 1042 1892 quid
1066 1852 1171 1879 error
1190 1839 1389 1898 affinxerit,
1409 1839 1502 1890 quid

246 1911 387 1950 invidia
405 1911 591 1949 conflarit.
614 1945 618 1949 .

309 1989 368 2016 10.
399 1976 571 2014 Primum
607 1974 722 2025 igitur
754 1971 847 2012 illud
875 1978 945 2019 est,
979 1983 1029 2011 ex
1062 1983 1142 2022 quo
1175 1970 1330 2021 intelligi
1366 1971 1502 2020 possit,

249 2043 428 2082 debuisse
448 2041 669 2081 Cluentium
694 2050 839 2089 magno
866 2050 983 2088 opere
1010 2048 1148 2076 causae
1172 2035 1376 2081 confidere,
1396 2035 1502 2085 quod

250 2106 468 2148 certissimis
499 2105 718 2144 criminibus
748 2111 785 2143 et
815 2104 975 2143 testibus
1009 2101 1126 2141 fretus
1160 2101 1209 2139 ad
1239 2101 1501 2141 accusandum

193 2191 236 2221 30
251 2171 502 2212 descenderit
557 2170 649 2209 Hoc
676 2170 764 2208 loco
794 2168 1014 2208 faciendum
1043 2167 1147 2212 mihi,
1176 2166 1332 2211 iudices,
1362 2171 1431 2212 est,
1459 2171 1502 2205 ut

250 2240 359 2277 vobis
378 2237 539 2276 breviter
558 2236 629 2282 illa,
646 2235 785 2285 quibus
804 2234 940 2272 Albius
960 2238 1018 2270 est
1036 2231 1325 2275 condemnatus,
1342 2229 1502 2269 crimina

251 2315 457 2355 exponam
513 2301 596 2340 Abs
627 2307 665 2339 te
697 2305 799 2350 peto,
830 2297 1057 2349 Oppianice,
1091 2301 1134 2334 ut
1165 2307 1227 2334 me
1260 2294 1419 2332 invitum
1451 2294 1501 2333 de
