1650 2554
619 111 629 136 Ι

135 172 175 210 55
196 169 337 209 87—-920
445 166 623 199 ORATIO
655 166 746 198 PRO
774 164 820 196 A.
843 163 1087 196 CLUENTIO.
1323 161 1382 206 ’97

133 274 235 313 aliud
261 274 315 312 rei
343 273 518 324 publicae
545 284 686 311 munus
715 270 853 310 abduci
880 269 1030 314 licebat,
1051 279 1100 306 eo
1127 274 1304 318 tempore
1332 267 1382 305 ad

133 340 399 388 quaestionem
426 339 508 388 ipse
537 339 716 388 abreptus
744 342 812 375 est.
867 335 919 373 At
946 345 1064 384 quam
1090 333 1382 382 quaestionem?

135 403 272 442 Vultus
291 405 395 442 enim
413 403 536 450 vestri,
554 403 708 447 iudices,
724 413 787 439 me
807 400 978 446 invitant,
999 404 1054 445 ut,
1071 410 1170 448 quae
1190 397 1384 435 reticenda

133 476 321 520 putaram,
340 469 455 507 libeat
474 469 551 506 iam
569 468 684 506 libere
706 467 843 505 dicere.
899 477 962 513 90.
983 463 1115 510 Quid?
1142 463 1205 500 illa
1224 462 1382 500 tandem

133 536 318 586 quaestio,
357 541 422 573 aut
459 534 698 583 disceptatio,
735 538 799 570 aut
844 530 1028 569 iudicium
1067 528 1163 566 fuit?
1231 527 1382 565 Putabo
1400 543 1416 573 5

134 601 259 639 fuisse.
315 600 431 638 Dicat
462 599 528 650 qui
558 598 636 637 vult
669 597 785 635 hodie
817 596 867 634 de
900 595 964 633 illo
998 593 1145 645 populo
1177 593 1380 637 concitato,

134 666 196 704 cui
242 673 324 704 tum
360 677 447 703 mos
485 671 615 714 gestus
652 669 730 701 est:
777 674 854 712 qua
891 661 939 699 de
976 672 1016 698 re
1054 659 1188 697 Iunius
1225 670 1383 696 causam

136 731 280 770 dixerit.
353 730 636 778 Quemcunque
674 727 831 776 rogaris,
868 725 945 763 hoc
982 723 1241 774 respondebit,
1279 722 1385 772 quod

135 796 342 846 pecuniam
379 795 580 845 acceperit,
610 793 716 843 quod
744 793 992 829 innocentem
1029 788 1383 827 circumvenerit.—

135 862 206 899 Est
233 861 329 899 haec
357 859 620 910 opini0.—At,
650 859 681 896 si
711 858 763 895 ita
793 862 915 895 esset:
946 855 1018 893 hac
1048 854 1133 904 lege
1164 860 1384 892 accusatum
1405 869 1442 890 10

135 938 221 964 esse
251 927 429 975 oportuit,
459 937 536 975 qua
565 930 764 962 accusatur
794 920 1081 959 Habitus—At
1110 919 1192 968 ipse
1223 930 1269 956 ea
1298 918 1383 966 lege

137 990 583 1041 quaerebat.—Paueos
629 989 710 1027 dies
757 991 1015 1037 exspectasset
1061 984 1385 1030 Quintius—At

137 1068 262 1106 neque
295 1056 460 1105 privatus
492 1066 683 1099 accusare,
713 1065 796 1098 nec,
826 1051 958 1090 sedata
990 1051 1067 1088 iam
1099 1048 1251 1095 invidia,
1282 1049 1385 1086 vole—

137 1120 416 1160 ban-Videtis
452 1119 575 1169 igitur,
610 1130 690 1156 non
722 1118 763 1156 in
795 1129 922 1163 causa,
957 1115 1025 1154 sed
1057 1115 1097 1152 in
1127 1122 1301 1164 tempore
1339 1126 1383 1151 ac

138 1192 325 1236 potestate
357 1197 465 1234 spem
495 1195 651 1222 omnem
683 1182 914 1221 accusatoris
944 1180 1151 1229 fuisse—9
1161 1192 1192 1218 1.
1220 1178 1385 1217 Multam
1405 1193 1441 1225 15

139 1250 428 1302 petivit.—Qua
452 1250 562 1299 lege?
617 1248 736 1295 Quod
756 1249 795 1285 in
822 1247 950 1296 legem
969 1258 1050 1284 non
1078 1246 1259 1284 iurasset:
1289 1256 1388 1294 quae

140 1328 200 1355 res
237 1315 382 1353 nemini
418 1326 604 1363 umquam
648 1313 770 1350 fraudi
807 1312 899 1350 fuit:
944 1318 982 1350 et
1018 1311 1124 1361 quod
1161 1309 1205 1348 C.
1235 1309 1388 1355 Verres,

141 1387 292 1431 praetor
320 1381 501 1425 urbanus,
531 1379 650 1416 homo
688 1383 843 1416 sanctus
880 1383 918 1415 et
947 1376 1120 1425 diligens,
1150 1374 1388 1414 subsortitio-

141 1459 232 1485 nem
263 1446 344 1484 eius
377 1445 418 1482 in
447 1456 495 1482 eo
526 1444 659 1482 codice
689 1455 769 1480 non
798 1442 966 1488 haberet,
996 1441 1062 1491 qui
1092 1447 1174 1479 turn
1204 1440 1388 1478 interlitus

141 1511 411 1562 proferebatur.
458 1509 534 1547 His
557 1508 605 1546 de
633 1508 758 1546 causis
788 1506 830 1546 C.
851 1507 984 1545 Iunius
1013 1505 1292 1544 condemnatus
1320 1509 1388 1549 est,
1406 1519 1446 1540 20

142 1576 298 1621 iudices,
319 1574 517 1612 levissimis
536 1580 573 1612 et
601 1572 888 1618 infirmissimis;
918 1583 1014 1622 quas
1043 1571 1202 1608 omnino
1231 1570 1271 1607 in
1294 1569 1389 1608 iudi-

142 1642 244 1680 cium
281 1639 406 1678 afferri
442 1650 523 1677 non
559 1638 739 1688 oportuit.
796 1636 932 1686 Itaque
969 1647 1175 1685 oppressus
1212 1642 1280 1682 est,
1310 1647 1391 1673 non

143 1715 269 1750 causa,
290 1702 359 1740 sed
378 1708 563 1751 tempore.

197 1773 266 1808 34.
295 1780 359 1816 92.
389 1766 479 1805 Hoc
517 1778 586 1804 vos
624 1765 800 1804 Cluentio
846 1764 1030 1803 iudicium
1067 1764 1208 1814 putatis
1252 1764 1392 1802 obesse

145 1832 347 1884 oportere?
403 1831 533 1879 Quam
560 1832 613 1870 ob
643 1832 826 1869 causam?
883 1829 923 1868 Si
955 1842 1004 1868 ex
1041 1829 1125 1878 lege
1163 1829 1390 1867 subsortitus
1409 1843 1445 1874 25

146 1910 226 1938 non
246 1904 325 1936 erat
344 1898 489 1943 Iunius,
510 1903 574 1934 aut
598 1896 630 1934 si
654 1897 694 1934 in
713 1896 838 1945 legem
857 1894 1064 1944 aliquando
1084 1905 1164 1931 non
1183 1894 1366 1931 iuraverat
1382 1905 1390 1930 :

145 1963 287 2003 idcirco
307 1963 405 2000 illius
425 1961 673 2000 damnatione
693 1961 834 2010 aliquid
854 1960 902 1998 de
922 1959 1101 1997 Cluentio
1128 1958 1392 1996 indicabatur?

147 2026 285 2075 ‘Non,'
306 2028 447 2077 inquit:
478 2026 570 2064 ‘sed
590 2026 649 2064 ille
679 2025 821 2063 idcirco
849 2024 907 2062 his
935 2024 1084 2074 legibus
1112 2023 1392 2061 condemnatus

148 2099 215 2139 est,
231 2092 337 2143 quod
356 2099 490 2130 contra
508 2091 621 2129 aliam
640 2090 766 2139 legem
781 2087 1184 2135 commiserat.'—Qui
1203 2087 1278 2124 hoc
1299 2098 1392 2125 con-

149 2158 312 2211 fitentur,
341 2163 504 2207 possunt
531 2156 647 2194 iidem
677 2154 769 2193 illud
796 2154 978 2192 iudicium
1009 2153 1126 2191 fuisse
1160 2151 1450 2197 defendere?30

150 2222 278 2272 *Ergo
316 2221 481 2268 idcirco,’
510 2221 643 2271 inquit,
673 2219 855 2258 ‘infestus
883 2226 964 2257 tum
993 2217 1162 2267 Populus
1192 2216 1394 2254 Romanus

151 2286 262 2326 Iunio
308 2285 388 2333 fuit,
425 2285 531 2337 quod
572 2284 664 2324 illud
708 2284 891 2323 iudicium
935 2290 1157 2333 corruptum
1195 2294 1263 2331 per
1304 2293 1393 2319 eum

791 2361 819 2388 a
