1650 2554
142 191 180 229 §5
201 195 362 230 97—103·
448 184 625 217 ORATIO
653 185 749 216 PRo
778 183 823 215 A.
847 182 1092 215 cLUENTIo.
1312 183 1385 212 101

141 291 242 331 dicta
260 297 367 329 sunt:
387 290 464 329 hoc
484 290 582 335 dico,
599 289 764 327 eandem
783 296 864 326 tum
883 287 999 325 fuisse
1015 286 1056 323 P.
1073 293 1110 324 et
1131 285 1175 323 L.
1190 284 1389 330 Cominiis‚

140 357 331 407 equitibus
362 355 563 401 Romanis,
591 353 869 392 honestissimis
899 351 1131 396 hominibus,
1162 358 1198 387 et
1230 350 1390 394 disertis,

142 420 439 460 controversiam
459 432 547 458 cum
569 419 736 464 Staieno,
756 429 872 468 quem
901 417 1143 461 accusabant,
1164 427 1262 464 quae
1287 426 1391 451 nunc

141 486 235 524 mihi
262 491 320 524 est
348 497 437 523 cum
467 485 584 523 Attio.
643 482 811 522 Cominii
840 482 1018 520 dicebant
1045 480 1159 525 idem,
1180 479 1286 529 quod
1315 491 1390 528 ego

142 551 242 597 dico,
281 550 479 589 Staienum
516 549 566 588 ab
603 548 824 599 Oppianico
861 546 1064 597 pecuniam
1111 544 1317 593 accepisse,
1355 549 1395 580 ut
1411 557 1428 589 5

141 615 323 654 iudicium
335 621 594 664 corrumperet
611 627 619 652 :
642 613 816 652 Staienus
835 610 1097 650 conciliandae
1116 609 1259 659 gratiae
1278 620 1395 646 causa

144 693 187 720 se
215 681 411 731 accepisse
431 679 592 717 dicebat.
653 690 740 716 101.
760 676 990 714 Irn'debatur
1017 675 1114 712 haec
1142 674 1239 712 illius
1258 684 1393 711 recon-

143 745 294 791 ciliatio,
325 752 363 783 et
399 756 567 795 persona
595 742 662 781 viri
699 742 793 780 boni
831 746 1020 790 suscepta,
1051 740 1148 778 sicut
1183 739 1224 776 in
1262 738 1393 776 statuis

144 810 335 856 inauratis,
366 821 461 860 quas
489 809 617 859 posuit
654 807 704 846 ad
741 807 942 844 Iuturnae:
982 805 1120 855 quibus
1158 803 1394 853 subscripsit,

145 875 277 914 Rzezs
296 886 346 912 AB
374 885 419 912 SE
443 885 485 912 m
505 884 681 912 GRATIAM
708 884 795 911 Essa
822 882 1034 910 REDUCTOS.
1091 870 1394 919 Exagitabantur
1413 884 1452 906 10

146 952 284 978 omnes
303 941 384 978 eius
404 939 557 978 fraudes
576 945 690 988 atque
718 937 908 975 fallaciae:
937 942 1018 974 tota
1036 935 1112 972 vita
1138 935 1179 972 in
1208 933 1396 972 eiusmodi

145 1006 291 1044 ratione
318 1010 465 1043 versata
491 1004 755 1054 aperiebatur:
785 1008 934 1052 egestas
962 1000 1183 1046 domestica,
1214 1005 1396 1049 quaestus

146 1069 308 1108 forensis
344 1070 385 1107 in
420 1069 591 1107 medium
628 1067 912 1118 proferebatur:
941 1065 1176 1104 nummarius
1212 1065 1398 1113 interpres

147 1135 254 1186 pacis
281 1141 319 1172 et
346 1134 575 1173 concordiae
603 1145 684 1171 non
702 1133 945 1183 probabatur.
1003 1131 1139 1180 Itaque
1166 1136 1248 1167 tum
1277 1128 1396 1167 Staie-

149 1212 233 1246 nus,
262 1212 382 1249 quum
411 1199 513 1237 idem
541 1198 773 1239 defenderet,
802 1197 909 1246 quod
944 1195 1083 1241 Attius,
1112 1194 1394 1232 condemnatus
1413 1208 1449 1239 15

149 1271 219 1304 est.
279 1277 366 1302 102.
385 1263 553 1302 Cominii
582 1275 701 1312 quum
726 1262 800 1300 hoe
828 1267 995 1311 agerent,
1016 1260 1123 1310 quod
1150 1270 1224 1296 nos
1251 1258 1292 1296 in
1319 1264 1400 1296 tota

151 1343 267 1370 causa
278 1331 438 1380 egimus,
450 1330 716 1378 probaverunt.
757 1327 1023 1374 Quamobrem
1039 1326 1070 1364 si
1084 1324 1225 1363 Staieni
1241 1324 1398 1365 damna-

150 1397 268 1442 tione,
287 1394 546 1445 Oppianicum
573 1393 755 1432 iudicium
784 1403 1027 1441 corrumpere
1054 1391 1230 1436 voluisse,
1251 1388 1399 1439 Oppia-

152 1462 283 1500 nicum
314 1458 430 1498 iudici
460 1459 509 1497 ad
542 1458 727 1497 emendas
761 1456 966 1495 sententias
1001 1456 1152 1494 dedisse
1180 1455 1398 1505 pecuniam,

153 1527 359 1565 iudicatum
379 1532 458 1563 est:
488 1536 606 1574 quum
626 1524 676 1562 ita
704 1523 951 1562 constitutum
971 1522 1029 1567 sit,
1048 1521 1102 1559 uti
1130 1522 1169 1559 in
1196 1521 1258 1558 illa
1287 1520 1399 1570 culpa
1417 1536 1456 1558 20

152 1598 217 1630 aut
235 1590 433 1629 Cluentius
453 1589 511 1635 sit,
526 1595 592 1626 aut
610 1587 867 1638 Oppianicus:
888 1586 1053 1625 Cluentii
1073 1597 1254 1624 nummus
1274 1585 1398 1624 nullus

152 1655 266 1694 iudici
298 1654 408 1692 datus
441 1653 518 1691 ullo
548 1653 708 1702 vestigio
741 1652 969 1700 reperietur:
1000 1649 1205 1699 Oppianici
1235 1650 1400 1699 pecunia

152 1727 241 1770 post
268 1719 448 1757 iudicium
478 1717 620 1756 factum
648 1729 671 1755 a
707 1716 830 1755 iudice
867 1716 993 1754 ablata
1030 1722 1110 1753 est:
1150 1720 1277 1764 potest
1315 1726 1399 1752 esse

155 1785 324 1830 dubium,
354 1782 446 1833 quin
475 1782 537 1820 illa
564 1782 759 1820 damnatio
791 1781 944 1825 Staieni,
974 1791 1054 1818 non
1085 1779 1205 1816 modo
1236 1790 1318 1816 non
1352 1779 1400 1816 sit

155 1855 288 1887 contra
307 1847 535 1893 Cluentium,
556 1847 623 1885 sed
643 1848 809 1884 maxime
829 1851 1000 1883 nostram
1029 1855 1184 1883 causam
1205 1843 1395 1881 defensio·
1415 1858 1452 1890 25

155 1925 320 1964 nemque
340 1912 564 1951 confirmet?

210 1981 276 2017 37.
310 1990 395 2026 103.
425 1976 531 2026 Ergo
559 1975 685 2014 adhuc
713 1974 811 2012 Iunii
840 1975 1020 2013 iudicium
1048 1973 1160 2012 video
1188 1985 1273 2012 esse
1301 1973 1401 2010 eius-

157 2042 276 2088 modi,
293 2049 335 2080 ut
362 2041 621 2079 incursionem
651 2040 778 2090 potius
807 2039 1013 2084 seditionis,
1034 2039 1110 2076 vim
1140 2036 1401 2082 multitudinis,

162 2107 344 2158 impetum
363 2107 618 2152 tribunicium,
635 2116 751 2155 quam
771 2105 951 2143 iudicium
971 2103 1242 2154 appellandum
1258 2110 1400 2152 putem.

165 2171 282 2220 Quod
300 2173 330 2210 si
349 2172 433 2222 quis
460 2172 551 2210 illud
572 2171 751 2210 iudicium
773 2170 947 2220 appellet,
967 2176 1095 2207 tamen
1116 2168 1191 2207 hoc
1221 2167 1402 2206 confitea-
1418 2182 1461 2213 30

165 2243 224 2274 tur
241 2248 397 2276 necesse
421 2244 488 2283 est,
508 2236 611 2274 nullo
637 2235 753 2274 modo
782 2234 884 2273 illam
902 2234 1072 2279 multam,
1094 2245 1192 2283 quae
1220 2233 1270 2270 ab
1290 2231 1404 2270 Iunio

167 2301 283 2351 petita
319 2301 378 2344 sit,
416 2313 504 2340 cum
542 2300 706 2339 Cluentii
743 2311 859 2338 causa
895 2310 1011 2350 posse
1059 2297 1253 2346 coniungi.
1310 2295 1408 2335 Illud
