1650 2554
265 140 287 184 7
294 142 319 175 2
639 140 690 173 M.
727 139 888 172 TULLII
916 140 1165 172 CICERONIS
1318 151 1372 176 σο.
1389 145 1528 177 11—18.

277 259 341 296 32.
361 245 554 286 Memoria
581 253 707 295 teneo,
735 248 928 287 Milesiam
957 248 1153 298 quandam
1181 247 1390 296 mulierem,
1410 261 1530 299 quum

274 324 400 350 essem
447 313 488 350 in
527 313 630 360 Asia,
670 314 778 364 quod
815 315 864 352 ab
901 314 1108 352 heredibus
1154 315 1334 353 secundis
1372 322 1531 365 accepta

272 377 438 427 pecunia
475 384 628 427 partum
667 379 738 416 sibi
776 380 861 428 ipsa
898 379 1189 417 medicamentis
1235 380 1438 429 abegisset,
1476 380 1530 418 rei

273 443 444 492 capitalis
491 455 576 481 esse
615 443 859 482 damnatam:
907 457 1033 494 neque
1072 445 1232 483 iniuria:
1279 457 1379 494 quae
1418 457 1530 495 spem

237 508 452 558 5parentis,
490 510 718 547 memoriam
756 510 937 556 nominis,
976 510 1189 549 subsidium
1226 511 1389 561 generis,
1420 511 1530 549 here-

274 573 364 611 dem
393 572 569 619 familiae,
590 574 833 623 designatum
862 576 915 614 rei
945 575 1121 624 publicae
1150 576 1282 622 civem,
1305 576 1528 614 sustulisset.

274 637 433 684 Quanto
454 646 510 676 est
531 638 770 688 Oppianicus
790 640 829 677 in
849 640 987 678 eadem
1006 640 1141 678 iniuria
1166 641 1310 679 maiore
1340 641 1530 691 supplicio

273 703 439 752 dignus?
478 704 668 753 siquidem
697 705 769 751 illa,
798 717 919 754 quum
949 717 1019 743 suo
1048 705 1199 754 corpori
1227 705 1304 742 vim
1332 706 1529 752 attulisset,

272 780 315 807 se
342 769 427 818 ipsa
455 770 655 807 cruciavit:
685 770 747 807 hic
776 776 904 808 autem
923 770 1027 808 idem
1055 770 1148 808 illud
1167 770 1294 808 effecit
1321 783 1390 820 per
1418 771 1531 809 alieni
1580 771 1584 775 '

222 849 258 871 ιο
272 834 446 883 corporis
476 840 642 871 mortem
670 841 785 884 atque
814 835 1036 874 cruciatum.
1094 834 1222 873 Ceteri
1250 847 1331 873 non
1355 836 1530 874 videntur

273 898 312 936 in
341 899 501 948 singulis
530 898 751 937 hominibus
780 900 900 938 multa
928 900 1131 950 parricidia
1159 900 1353 949 suscipere
1390 912 1530 950 posset

273 962 515 1013 Oppianicus
561 964 738 1002 inventus
777 971 847 1011 est,
885 965 951 1015 qui
999 965 1038 1002 in
1084 976 1164 1003 uno
1203 976 1365 1014 corpore
1402 964 1530 1014 plures

272 1035 438 1066 necaret.

325 1098 386 1132 12.
418 1107 479 1143 33.
510 1094 657 1145 Itaque,
679 1107 799 1145 quum
818 1096 919 1134 hanc
940 1096 1021 1134 eius
1049 1095 1370 1134 consuetudinem
1390 1094 1529 1133 audac-

219 1174 255 1206 ις,
272 1159 426 1208 iamque
446 1167 655 1208 cognosset
674 1161 884 1198 avunculus
913 1161 1010 1199 illius
1029 1161 1284 1199 adolescentis
1311 1159 1529 1209 Oppianici,

272 1224 390 1263 Num.
411 1224 578 1274 Magius,
599 1226 707 1275 isque
736 1227 841 1275 gravi
869 1227 1007 1263 morbo
1037 1225 1197 1263 affectus
1226 1231 1339 1271 esset,
1359 1232 1397 1263 et
1420 1225 1528 1263 here-

272 1290 363 1328 dem
391 1289 496 1327 illum
526 1291 669 1328 sororis
699 1302 789 1328 suae
818 1290 938 1330 filium
966 1290 1130 1328 faceret:
1169 1290 1303 1328 amicis
1340 1289 1528 1336 adhibitis,

271 1361 472 1405 praesente
502 1361 623 1393 matre
654 1367 725 1393 sua
754 1355 915 1401 Dinaea,
935 1367 1097 1394 uxorem
1131 1367 1241 1393 suam
1270 1354 1528 1403 interrogavit,

272 1426 423 1459 essetne
443 1432 678 1470 praegnans:
700 1433 798 1470 quae
819 1433 938 1469 quum
959 1433 1000 1458 se
1021 1433 1107 1458 esse
1126 1419 1398 1469 respondisset,
1414 1420 1464 1457 ab
1483 1431 1529 1457 ea

217 1503 258 1525 20
272 1487 414 1536 petivit,
435 1493 486 1532 ut,
508 1498 548 1524 se
568 1492 733 1533 mortuo,
756 1486 860 1535 apud
880 1485 1082 1531 Dinaeam,
1103 1497 1202 1534 quae
1222 1492 1304 1523 tum
1323 1485 1358 1522 ei
1381 1484 1528 1522 mulieri

273 1563 407 1590 socrus
427 1558 518 1598 erat,
539 1551 670 1601 quoad
689 1558 849 1601 pareret,
870 1550 1069 1595 habitaret,
1091 1551 1404 1599 diligentiamque
1423 1549 1529 1587 adhi-

269 1618 389 1662 beret,
409 1623 451 1654 ut
479 1616 528 1662 id,
549 1616 656 1665 quod
684 1622 924 1665 conceperat,
946 1622 1121 1662 servaret,
1149 1621 1191 1652 ut
1220 1615 1366 1652 salvum
1394 1627 1528 1664 parere

273 1688 416 1731 posset.
473 1681 609 1730 Itaque
644 1681 678 1718 ei
708 1687 939 1718 testamento
970 1680 1072 1728 legat
1103 1680 1291 1728 grandem
1322 1680 1528 1729 pecuniam

272 1759 296 1784 a
324 1746 412 1791 filio,
434 1745 465 1783 si
485 1746 550 1795 qui
570 1752 682 1783 natus
712 1752 835 1782 esset:
871 1745 920 1782 ab
941 1745 1112 1782 secundo
1132 1745 1273 1783 herede
1292 1745 1385 1782 nihil
1413 1745 1527 1794 legat.

218 1827 256 1859 25
275 1824 337 1861 34.
368 1810 474 1858 Quid
493 1811 541 1848 de
562 1809 779 1859 Oppianico
809 1810 1023 1859 suspicatus
1054 1810 1112 1856 sit,
1132 1810 1288 1848 videtis:
1319 1810 1412 1860 quid
1431 1810 1527 1848 iudi-

274 1876 376 1921 carit,
398 1876 606 1913 obscurum
627 1887 708 1912 non
726 1882 794 1912 est.
851 1874 965 1920 Nam,
987 1887 1107 1924 quum
1132 1876 1213 1913 eius
1241 1875 1360 1912 filium
1386 1875 1528 1913 faceret

273 1941 467 1987 heredem,
489 1953 578 1979 eum
598 1947 763 1978 tutorem
787 1940 914 1978 liberis
943 1952 1022 1978 non
1047 1940 1257 1990 adscripsit.
1313 1939 1418 1987 Quid
1445 1938 1526 1989 Op-

274 2008 449 2058 pianicus
477 2006 616 2052 fecerit,
639 2005 884 2055 cognoscite:
914 2012 956 2043 ut
982 2006 1087 2043 illum
1117 2005 1292 2055 Magium
1311 2005 1526 2054 intelligatis

274 2074 389 2122 longe
408 2072 539 2110 animo
558 2071 802 2121 prospexisse
822 2070 1060 2108 morientem.
1120 2070 1231 2117 Quae
1252 2070 1416 2119 pecunia
1441 2082 1525 2108 mu-

219 2155 262 2187 30
276 2139 357 2176 lieri
375 2139 501 2187 legata
521 2142 601 2175 erat
620 2149 643 2174 a
663 2136 750 2181 filio,
772 2136 802 2173 si
823 2136 888 2185 qui
907 2142 1020 2173 natus
1046 2142 1158 2181 esset,
1178 2147 1264 2173 eam
1283 2143 1526 2184 praesentem

275 2203 515 2253 Oppianicus
544 2213 624 2239 non
658 2201 826 2239 debitam
854 2201 1001 2238 mulieri
1034 2200 1162 2238 solvit:
1202 2200 1234 2237 si
1261 2199 1357 2238 haec
1387 2200 1527 2240 solutio

270 2269 501 2318 legatorum,
539 2272 578 2306 et
614 2278 699 2306 non
731 2277 878 2304 merces
924 2265 1134 2305 abortionis
1181 2265 1410 2317 appellanda
1455 2273 1527 2308 est.
