1650 2554
125 173 166 212 55
192 169 328 202 12-18-
425 167 605 200 ORATIO
634 168 729 199 PRo
758 166 805 200 A.
839 167 1090 200 cLUENTm.
1331 159 1386 213 65

178 279 219 313 8.
252 283 311 322 15.
341 273 378 312 O
406 273 572 312 mulieris
600 272 724 312 scelus
753 271 987 318 incredibile,
1016 278 1065 318 et,
1094 278 1244 322 praeter
1276 272 1376 311 hanc

124 351 254 386 unam,
273 340 313 376 in
341 339 447 376 omni
467 339 542 376 vita
570 339 804 376 inauditum!
862 337 898 376 O
927 338 1124 376 libidinem
1153 338 1378 376 effrenatam

126 411 164 442 et
190 404 440 441 indomitam!
472 403 508 442 O
529 404 729 442 audaciam
749 403 1003 452 singularem!
1032 415 1164 441 nonne
1193 404 1376 450 timuisse,

126 469 158 508 si
194 469 323 506 minus
361 469 437 506 vim
476 470 647 515 deorum,
685 469 963 518 hominumque
1001 468 1157 514 famam,
1198 475 1236 506 at
1274 468 1376 506 illam

126 535 250 584 ipsam
270 541 425 572 noctem
451 536 633 584 facesque
659 534 740 572 illas
769 534 985 583 nuptiales?
1015 546 1096 572 non
1125 535 1243 572 limen
1271 535 1376 572 cubi·
1394 550 1411 582 5

126 600 225 637 culi?
254 611 335 637 non
356 600 479 637 cubile
500 600 624 638 filiae?
653 611 733 637 non
757 600 919 648 parietes
940 599 1105 648 denique
1125 599 1242 648 ipsos,
1265 611 1376 649 supe-

125 665 268 702 riorum
297 670 412 702 testes
439 665 684 714 nuptiarum?
730 664 916 713 Perfregit
941 677 986 702 ac
1015 666 1218 714 prostravit
1247 666 1378 704 omnia

126 729 331 778 cupiditate
351 741 395 767 ac
417 731 542 766 furore
560 742 568 766 z
598 729 683 766 vicit
703 729 892 778 pudorem
911 729 1041 775 libido,
1062 730 1240 767 timorem
1260 731 1377 768 auda-

126 795 196 839 cia,
215 795 405 831 rationem
431 794 609 832 amentia.
672 796 728 831 16.
752 794 858 831 Tulit
878 793 953 831 hoc
982 806 1188 832 commune
1209 795 1376 834 dedecus

127 860 200 897 iam
231 857 405 904 familiae,
428 859 681 909 cognationis,
710 859 890 904 nominis,
920 859 1083 908 graviter
1112 860 1235 899 filius:
1265 874 1378 911 auge·
1396 878 1434 900 10

125 924 236 962 batur
273 930 401 961 autem
439 924 520 962 eius
561 923 737 961 molestia
775 924 1008 973 quotidianis
1046 926 1294 973 querimoniis
1341 935 1378 966 et

127 988 283 1026 assiduo
312 987 403 1026 fletu
433 989 597 1026 sororis:
637 989 764 1026 statuit
801 995 930 1026 tamen
965 989 1058 1026 nihil
1087 990 1157 1027 sibi
1195 991 1235 1028 in
1263 993 1378 1031 tantis

126 1052 269 1091 iniuriis
303 1065 348 1091 ac
387 1059 494 1090 tanto
524 1053 665 1091 scelere
694 1053 825 1091 matris
854 1054 1004 1102 gravius
1034 1066 1118 1092 esse
1146 1055 1377 1103 faciendum,

126 1130 243 1168 quam
272 1125 314 1156 ut
351 1118 412 1155 illa
443 1124 563 1155 matre
597 1130 645 1155 ne
678 1125 867 1156 uteretur:
905 1131 954 1156 ne
985 1131 1102 1168 quam
1133 1121 1261 1159 videre
1295 1123 1377 1161 sine

127 1195 281 1221 summo
309 1184 425 1220 animi
454 1183 587 1221 dolore
615 1195 696 1221 non
724 1190 883 1233 poterat,
912 1196 959 1221 ea
986 1185 1017 1221 si
1050 1192 1169 1223 matre
1198 1193 1375 1233 uteretur,
1398 1203 1431 1236 ¹5

128 1259 208 1285 non
228 1247 353 1285 solum
373 1247 509 1294 videre,
530 1260 659 1285 verum
679 1248 795 1285 etiam
814 1249 978 1298 probare
1005 1261 1075 1287 suo
1099 1250 1240 1290 iudicio
1268 1259 1378 1300 puta-

129 1319 239 1351 retur.

137 1375 139 1377 ’
189 1387 251 1426 17.
271 1377 429 1417 Initium
467 1379 574 1429 quod
610 1379 697 1418 huic
735 1391 824 1417 cum
861 1385 982 1417 matre
1020 1380 1131 1418 fuerit
1178 1382 1378 1432 simultatis

129 1443 298 1480 audistis.
354 1444 584 1482 Pertinuisse
613 1443 687 1481 hoc
716 1444 765 1481 ad
785 1456 951 1490 causam,
972 1451 1074 1490 tunc,
1096 1458 1215 1495 quum
1234 1448 1379 1498 reliqua

130 1508 397 1556 cognoveritis,
426 1506 652 1558 intelligetis.
711 1508 814 1546 Nam
851 1509 943 1547 illud
979 1522 1041 1547 me
1070 1522 1150 1548 non
1187 1514 1376 1561 praeterit,
1396 1530 1436 1552 20

130 1572 499 1622 cuiusmodicunque
527 1580 649 1611 mater
669 1573 726 1618 sit,
748 1579 877 1610 tamen
896 1574 935 1610 in
954 1574 1094 1612 iudicio
1114 1575 1179 1613 filii
1198 1577 1246 1614 de
1275 1585 1377 1628 turp-

130 1637 272 1674 itudine
301 1638 468 1686 parentis
488 1637 561 1675 dici
581 1638 643 1674 vix
672 1644 863 1686 oportere.
919 1637 1012 1676 Non
1040 1651 1164 1678 essem
1193 1642 1243 1680 ad
1261 1643 1378 1682 ullam

129 1712 286 1739 causam
317 1701 491 1746 idoneus,
523 1702 679 1748 iudices,
712 1702 743 1739 si
780 1701 866 1748 hoc,
900 1703 1006 1751 quod
1038 1704 1077 1741 in
1108 1709 1378 1747 communibus

130 1764 330 1803 hominum
361 1767 537 1804 sensibus
566 1773 679 1816 atque
717 1766 756 1803 in
785 1766 868 1815 ipsa
898 1774 1032 1805 natura
1062 1770 1232 1818 positum
1263 1779 1377 1823 atque

132 1830 291 1868 infixum
320 1838 387 1876 est,
408 1831 446 1869 id
466 1843 553 1881 ego,
575 1832 639 1882 qui
659 1831 708 1869 ad
727 1831 928 1869 hominum
948 1834 1114 1881 pericula
1134 1835 1376 1877 defendenda
1393 1854 1431 1886 25

132 1895 367 1944 adiungerer,
402 1909 484 1935 non
521 1897 699 1935 viderem.
757 1895 884 1934 Facile
921 1897 1102 1948 intelligo,
1140 1911 1221 1939 non
1257 1905 1377 1942 modo

132 1960 287 1998 reticere
324 1961 502 2000 homines
540 1968 741 2012 parentum
778 1961 944 2008 iniurias,
982 1963 1050 2001 sed
1088 1965 1202 2004 etiam
1246 1969 1377 2007 animo

132 2035 256 2074 aequo
288 2026 384 2064 ferre
413 2034 600 2076 oportere.
659 2026 736 2064 Sed
766 2037 840 2075 ego
871 2038 927 2072 ea,
957 2039 1055 2076 quae
1085 2029 1172 2068 ferri
1203 2041 1378 2081 possunt,

133 2090 310 2128 terenda:
345 2103 443 2141 quae
477 2093 604 2139 taceri,
639 2091 802 2130 tacenda
834 2103 920 2130 esse
949 2093 1121 2132 arbitror.
1183 2099 1240 2134 18.
1273 2098 1376 2136 Nihil

134 2154 173 2191 in
200 2154 275 2192 vita
303 2156 394 2194 vidit
426 2157 651 2196 calamitatis
682 2157 729 2195 A.
750 2156 960 2203 Cluentius,
989 2160 1135 2198 nullum
1165 2163 1433 2211 periculum30

133 2218 267 2256 mortis
293 2220 394 2267 adiit,
421 2221 511 2259 nihil
539 2222 630 2260 mali
658 2222 791 2268 timuit,
812 2222 917 2271 quod
945 2235 1024 2261 non
1053 2232 1175 2264 totum
1205 2239 1227 2264 a
1255 2234 1375 2266 matre

134 2288 234 2321 esset
253 2283 458 2324 conflatum
477 2292 515 2325 et
534 2287 758 2338 perfectum.
814 2285 924 2334 Quae
945 2286 1020 2327 hoc
1047 2295 1221 2341 tempore
1251 2291 1376 2331 sileret

739 2363 761 2391 r
