1650 2554
179 186 219 223 §5
239 183 419 223 148—151.
479 179 658 213 ORATIO
686 180 780 212 PRO
808 179 854 211 A.
886 179 1128 212 CLUENTIO.
1344 184 1422 228 123

176 289 358 327 fensionis
378 288 549 327 contenti
568 300 653 326 esse
672 293 846 337 possunt.
893 285 1010 332 Nolo,
1024 297 1258 336 quemquam
1277 297 1421 332 eorum,

176 355 242 403 qui
268 355 418 400 adsunt,
445 354 671 399 existimare,
698 364 771 398 me,
797 363 894 402 quae
923 351 971 389 de
999 351 1085 400 lege
1113 351 1161 388 ab
1187 351 1292 388 Attio
1321 351 1422 389 dicta

176 426 275 466 sunt,
302 419 334 457 si
366 418 592 464 reticuerim,
623 417 887 466 comprobare.
949 414 1226 462 Quamobrem,
1257 415 1420 462 Cluenti,

176 485 225 523 de
243 491 280 522 te
300 484 367 522 tibi
387 485 602 534 obsequor:
631 494 758 532 neque
787 493 862 531 ego
890 482 1016 531 legem
1045 481 1172 527 recito,
1193 492 1319 530 neque
1347 480 1422 519 hoc

176 550 266 588 loco
293 561 365 599 pro
389 555 426 586 te
447 549 554 596 dico;
585 548 653 586 sed
672 560 729 593 ea,
750 559 848 597 quae
877 559 900 585 a
927 558 990 584 me
1019 545 1224 584 desiderari
1252 546 1422 593 arbitror,
1439 561 1457 594 5

175 629 257 655 non
276 616 502 665 relinquam.

230 685 301 720 55.
343 690 428 728 150.
458 679 640 730 Iniquum
666 679 733 717 tibi
759 678 914 724 videtur,
935 677 1027 723 Atti,
1054 689 1150 724 esse,
1171 689 1252 716 non
1282 677 1420 716 iisdem

175 746 323 796 legibus
349 757 486 783 omnes
511 744 640 782 teneri.
695 743 867 780 Primum
888 745 944 791 (ut
969 742 1008 780 id
1034 742 1313 793 iniquissimum
1339 755 1424 780 esse

178 811 379 858 confitear)
400 808 621 847 huiusmodi
639 814 707 854 est,
727 814 769 845 ut
789 807 1034 845 commutatis
1054 807 1108 844 eis
1134 819 1233 856 opus
1259 807 1306 845 sit
1331 807 1423 858 legi-

175 876 261 922 bus,
282 887 362 912 non
388 881 430 912 ut
456 874 511 919 iis,
533 885 631 923 quae
656 879 756 918 sunt,
780 884 861 910 non
890 884 1104 922 pareamus.
1162 871 1313 910 Deinde
1339 873 1424 922 quis
1443 889 1481 910 10

176 952 360 990 umquam
380 939 455 977 hoc
476 945 630 977 senator
649 938 850 983 accusavit,
866 943 918 984 ut,
935 950 1055 987 quum
1070 937 1243 976 altiorem
1262 938 1424 988 gradum

178 1005 382 1055 dignitatis,
409 1003 598 1041 beneficio
624 1002 758 1052 populi
785 1002 952 1040 Romani
982 1009 1082 1040 esset
1110 1010 1352 1050 consecutus,
1376 1016 1424 1042 eo

178 1083 220 1109 se
246 1075 398 1120 putaret
424 1068 639 1106 durioribus
664 1067 794 1116 legum
821 1067 1105 1105 conditionibus
1124 1068 1180 1105 uti
1208 1080 1289 1106 non
1309 1080 1425 1119 opor-

177 1136 285 1173 tere?
347 1133 478 1181 Quam
514 1132 633 1170 multa
671 1139 759 1170 sunt
798 1131 1016 1178 commoda,
1055 1132 1194 1182 quibus
1232 1145 1424 1173 caremus:

179 1211 296 1250 quam
324 1198 444 1236 multa
470 1197 633 1234 molesta
659 1204 697 1234 et
723 1196 898 1243 difficilia,
919 1209 1017 1246 quae
1045 1196 1240 1235 subimus!
1297 1198 1425 1249 Atque
1443 1216 1479 1248 15

178 1265 274 1303 haec
306 1263 438 1301 omnia
468 1269 618 1300 tantum
654 1261 811 1299 honoris
845 1268 882 1299 et
915 1261 1174 1311 amplitudinis
1216 1264 1426 1303 commodo

179 1334 491 1378 compensantur.
547 1326 739 1365 Converte
773 1338 876 1364 nunc
905 1326 955 1364 ad
988 1332 1205 1376 equestrem
1238 1328 1424 1376 ordinem,

180 1402 294 1443 atque
322 1394 361 1430 in
391 1399 539 1430 ceteros
564 1391 718 1429 ordines
743 1391 900 1429 easdem
926 1391 1023 1429 vitae
1050 1391 1316 1431 conditiones:
1346 1406 1427 1433 non

179 1458 380 1508 perferent.
451 1457 591 1495 Putant
637 1457 752 1502 enim,
791 1457 918 1494 minus
964 1456 1105 1494 multos
1154 1457 1223 1495 sibi
1269 1458 1428 1509 laqueos

179 1523 309 1573 legum
346 1529 383 1561 et
422 1522 689 1561 conditionum
726 1533 771 1559 ac
808 1521 1035 1559 iudiciorum
1077 1523 1299 1572 propositos
1342 1537 1426 1564 esse
1443 1541 1483 1563 20

180 1595 369 1639 oportere,
390 1587 454 1638 qui
482 1598 675 1624 summum
700 1585 829 1624 locum
855 1586 1013 1624 civitatis
1033 1594 1098 1624 aut
1118 1598 1199 1624 non
1222 1595 1428 1637 potuerunt

180 1653 424 1699 adscendere,
446 1658 510 1690 aut
529 1663 610 1690 non
636 1651 858 1700 petiverunt.
920 1661 1005 1699 151.
1035 1652 1173 1702 Atque,
1194 1660 1234 1691 ut
1253 1655 1427 1693 omittam

180 1719 286 1768 leges
324 1718 416 1755 alias
453 1729 601 1763 omnes,
635 1716 774 1766 quibus
812 1728 885 1754 nos
923 1723 1108 1763 tenemur,
1149 1718 1262 1756 ceteri
1299 1727 1428 1758 autem

181 1790 270 1822 sunt
288 1783 442 1821 ordines
462 1782 630 1820 liberati:
659 1781 759 1819 hanc
786 1782 909 1831 ipsam
935 1782 1071 1831 legem,
1092 1795 1142 1820 NE
1169 1795 1255 1826 Qurs
1282 1797 1426 1825 1UD1c1o

180 1858 557 1896 cmcuquNmeR,
596 1845 641 1884 C.
681 1845 878 1884 Gracchus
916 1847 1019 1884 tulit:
1067 1859 1154 1885 earn
1190 1848 1317 1898 legem
1356 1863 1427 1900 pro
1445 1867 1482 1900 25

180 1913 303 1963 plebe,
334 1920 415 1950 non
448 1912 487 1949 in
520 1911 672 1961 plebem
702 1911 796 1949 tulit.
856 1910 997 1950 Postea
1028 1912 1072 1951 L.
1106 1912 1221 1960 Sulla,
1252 1914 1372 1953 homo
1406 1929 1430 1954 a

180 1977 313 2028 populi
338 1988 455 2015 causa
478 1976 767 2022 remotissimus,
791 1982 932 2023 tamen,
953 1988 1072 2026 quum
1102 1978 1182 2016 eius
1211 1979 1265 2016 rei
1290 1991 1427 2029 quaes-

180 2043 326 2080 tionem
354 2042 426 2080 hac
449 2042 534 2092 ipsa
561 2041 645 2090 lege
672 2041 928 2088 constitueret,
953 2054 1030 2092 qua
1052 2055 1120 2081 vos
1149 2043 1224 2082 hoc
1253 2051 1428 2095 tempore

182 2107 366 2153 iudicatis,
386 2106 573 2156 populum
594 2105 828 2152 Romanum,
850 2118 967 2156 quem
992 2108 1040 2145 ab
1066 2108 1142 2147 hoc
1170 2121 1311 2158 genere
1337 2110 1428 2148 libe-

183 2183 268 2210 rum
300 2178 510 2222 acceperat,
543 2171 696 2220 alligare
730 2182 832 2208 novo
866 2172 1102 2220 quaestionis
1135 2186 1278 2223 genere
1311 2187 1427 2214 ausus
1442 2193 1484 2223 30

183 2247 264 2274 non
285 2242 351 2274 est.
407 2234 526 2283 Quod
550 2236 582 2273 si
601 2235 680 2274 fieri
704 2247 821 2285 posse
840 2236 1115 2275 existimasset:
1150 2250 1220 2288 pro
1240 2239 1303 2277 illo
1323 2240 1426 2287 odio,

184 2299 290 2352 quod
307 2300 439 2338 habuit
456 2300 495 2338 in
514 2307 729 2351 equestrem
749 2299 934 2347 ordinem,
955 2300 1046 2340 nihil
1066 2301 1219 2341 fecisset
1237 2303 1425 2351 libentius,
