1650 2554
289 200 367 244 132
649 196 699 230 M.
731 195 896 233 vTULLII
925 196 1174 227 CICERONIS
1317 207 1370 230 οο.
1392 200 1539 231 61—68.

287 313 405 352 quam
431 301 642 340 diutissime
662 301 785 339 vivere
810 302 903 339 velle
931 301 1120 339 debebat?
1149 302 1237 340 huic
1266 310 1431 341 mortem
1458 315 1539 342 ma-

287 368 436 405 turabat
456 367 645 412 inimicus,
666 366 772 416 quod
798 367 848 404 illi
869 379 989 404 unum
1016 367 1054 404 in
1082 366 1192 405 malis
1217 367 1435 417 perfugium
1460 375 1540 407 erat

287 432 538 470 calamitatis?
578 432 643 481 qui
674 432 705 470 si
736 432 829 481 quid
862 431 979 469 animi
1013 438 1050 470 et
1081 432 1225 470 virtutis
1258 431 1454 472 habuisset
1481 432 1540 485 (ut

287 497 395 535 multi
425 509 540 546 saepe
569 496 687 534 fortes
714 497 779 534 viri
808 498 847 534 in
873 497 1064 535 eiusmodi
1091 495 1252 548 dolore),
1276 504 1441 537 mortem
1468 499 1539 538 sibi

251 580 267 610 5
287 564 368 613 ipse
389 563 620 601 conscisset:
645 562 732 600 huic
749 563 1004 613 quamobrem
1020 562 1059 600 id
1074 562 1183 600 vellet
1198 563 1374 602 inimicus
1389 563 1537 609 offerre,

286 628 392 678 quod
419 628 501 677 ipse
522 627 593 665 sibi
613 634 747 677 optare
768 627 950 665 deberet?
1006 627 1110 665 Nam
1135 639 1239 666 nunc
1266 628 1423 678 quidem
1445 628 1538 679 quid

285 693 442 731 tandem
480 692 532 730 illi
568 692 659 730 mali
696 704 801 731 mors
836 692 984 730 attulit?
1046 692 1131 731 Nisi
1165 692 1263 731 forte
1301 693 1454 743 ineptiis
1492 706 1538 732 ac

284 757 422 795 fabulis
452 757 638 803 ducimur,
667 763 708 795 ut
737 757 998 795 existimemus
1029 757 1134 795 illum
1163 757 1267 808 apud
1295 757 1439 797 inferos
1466 759 1536 796 im-

283 823 437 872 piorum
458 822 644 872 supplicia
667 822 844 871 perferre,
865 834 910 860 ac
937 822 1064 873 plures
1090 822 1164 860 illic
1192 822 1401 861 offendisse
1426 823 1536 862 inim-

233 890 377 934 Iolcos,
399 901 516 939 quam
542 889 602 926 hic
630 887 848 938 reliquisse:
880 901 903 926 a
924 901 1068 935 socrus,
1089 890 1138 926 ab
1157 901 1335 936 uxorum,
1355 902 1378 928 a
1397 890 1533 937 fratris,

285 967 308 992 a
326 955 487 993 liberum
506 953 649 992 Poenis
669 960 797 992 actum
819 966 903 992 esse
929 955 1177 1004 praecipitem
1204 954 1243 992 in
1263 954 1535 994 sceleratorum

284 1020 416 1058 sedem
455 1026 570 1069 atque
607 1020 816 1069 regionem.
881 1018 992 1066 Quae
1030 1019 1061 1057 si
1099 1019 1194 1058 falsa
1226 1026 1324 1066 sunt,
1358 1020 1398 1059 id
1430 1021 1536 1071 quod

283 1096 422 1123 ornnes
455 1084 682 1133 intelligunt,
717 1084 810 1134 quid
848 1085 882 1122 ei
915 1084 1072 1123 tandem
1111 1084 1213 1123 aliud
1249 1097 1354 1123 mors
1388 1085 1534 1135 eripuit,

283 1156 433 1201 praeter
463 1161 621 1187 sensum
652 1149 822 1187 doloris?
884 1158 970 1197 172.
999 1150 1086 1199 Age
1114 1161 1217 1196 vero,
1247 1162 1440 1187 venenum
1467 1162 1536 1200 per

232 1231 267 1263 ¹5
286 1227 402 1265 quem
423 1214 580 1252 datum?
638 1213 710 1251 Per
730 1213 785 1251 M.
807 1214 1005 1252 Asellium.

338 1284 408 1318 62.
439 1279 545 1327 Quid
564 1279 651 1316 huic
672 1291 760 1317 cum
781 1278 954 1317 Habito?
1011 1278 1136 1317 Nihil:
1166 1286 1280 1329 atque
1299 1279 1408 1326 adeo,
1429 1281 1535 1331 quod

287 1345 347 1384 ille
368 1344 588 1396 Oppianico
607 1344 897 1383 familiarissime
917 1349 975 1383 est
998 1357 1102 1390 usus,
1122 1345 1251 1394 potius
1271 1345 1385 1383 etiam
1405 1345 1534 1383 simul-

284 1418 352 1449 tas.
410 1410 509 1448 Eine
529 1410 642 1459 igitur
660 1421 776 1459 quem
797 1410 869 1448 sibi
889 1409 1147 1456 offensiorem,
1169 1409 1388 1460 Oppianico
1412 1410 1534 1448 famil-

283 1476 514 1514 iarissimum
548 1475 692 1513 sciebat
723 1487 819 1522 esse,
851 1476 1094 1525 potissimum
1127 1482 1165 1514 et
1199 1488 1312 1514 suum
1345 1477 1468 1515 scelus
1497 1484 1535 1516 et

229 1557 270 1579 20
284 1542 381 1579 illius
401 1540 614 1591 periculum
634 1541 920 1578 committebat?
977 1540 1056 1578 Cur
1074 1540 1214 1579 deinde
1233 1547 1284 1588 tu,
1305 1542 1371 1591 qui
1395 1542 1534 1591 pietate

285 1607 335 1645 ad
362 1606 625 1645 accusandum
646 1606 832 1644 excitatus
851 1618 904 1652 es,
925 1605 1028 1644 hunc
1049 1606 1234 1644 Asellium
1259 1618 1344 1644 esse
1372 1606 1534 1645 inultum

284 1672 430 1718 tamdiu
451 1671 570 1709 sinis?
627 1670 707 1709 Cur
733 1682 813 1708 non
837 1670 971 1709 Habiti
997 1670 1176 1720 exemplo
1204 1682 1296 1710 usus
1324 1683 1376 1718 eS‚
1397 1678 1438 1709 ut
1464 1684 1534 1722 per

282 1737 399 1782 illum,
434 1736 499 1785 qui
533 1735 718 1773 attulisset
750 1747 954 1781 venenum,
988 1735 1036 1773 de
1073 1735 1148 1773 hoc
1186 1735 1532 1784 praeiudicaretur?

289 1811 375 1850 173.
406 1801 490 1839 Iam
513 1812 604 1838 vero
631 1800 722 1838 illud
748 1812 865 1850 quam
894 1812 973 1838 non
1002 1800 1210 1850 probabile,
1234 1812 1351 1849 quam
1376 1801 1532 1840 inusita-

230 1884 265 1915 ²5
284 1874 376 1912 tum,
412 1866 567 1912 iudices,
603 1877 720 1915 quam
753 1877 907 1911 novum,
942 1865 981 1902 in
1018 1877 1118 1914 pane
1155 1865 1287 1903 datum
1319 1870 1530 1905 venenum!

285 1931 500 1970 Faciliusne
525 1931 660 1980 potuit,
681 1942 797 1980 quam
823 1930 862 1967 in
888 1930 1056 1979 poculo?
1083 1929 1194 1968 latius
1217 1930 1341 1980 potuit
1359 1931 1532 1970 abditum

285 1998 411 2047 aliqua
438 1996 478 2033 in
505 2002 612 2046 parte
640 1996 763 2046 panis,
794 2007 910 2045 quam
940 1995 972 2033 si
1001 2001 1125 2033 totum
1155 1994 1464 2044 colliquefactum
1491 1997 1532 2034 in

284 2063 443 2112 potione
472 2061 599 2098 esset?
633 2060 789 2098 celerius
818 2061 942 2110 potuit
971 2066 1196 2106 comestum,
1227 2071 1344 2109 quam
1372 2067 1532 2110 epotum

284 2128 322 2164 in
355 2137 472 2164 venas
507 2131 619 2175 atque
657 2125 696 2162 in
735 2137 872 2163 omnes
908 2130 1034 2175 partes
1073 2125 1244 2174 corporis
1279 2127 1531 2174 permanare?

228 2212 270 2242 30
286 2195 431 2233 facilius
458 2193 586 2231 fallere
612 2193 652 2230 in
680 2205 780 2243 pane
804 2190 852 2243 (si
878 2199 979 2231 esset
1005 2192 1327 2239 animadversum)
1348 2205 1466 2242 quam
1490 2194 1531 2232 in

286 2259 440 2309 poculo,
460 2270 580 2309 quum
607 2258 657 2295 ita
682 2257 889 2296 confusum
908 2264 1021 2304 esset,
1039 2263 1080 2295 ut
1106 2257 1252 2296 secerni
1277 2257 1383 2295 nullo
1409 2258 1529 2297 modo

284 2324 442 2374 posset?
510 2323 583 2361 ‘At
621 2323 820 2373 repentina
856 2328 980 2361 morte
1017 2322 1149 2372 periit!
1221 2330 1308 2371 174.
1346 2322 1465 2369 Quod
1497 2323 1528 2362 si

1642 607 1650 655 ἐ

1640 668 1650 810 i

1640 811 1650 851 ἐ

1639 856 1650 881 t

1639 894 1650 935 i

1637 940 1650 1008 ἓ
