1650 2554
158 169 199 206 §5
216 170 357 206 32-37,
467 162 644 194 ORATIO
672 162 767 193 PRO
795 161 841 194 A.
875 155 1120 194 CLUENTIO.
1359 160 1411 207 73

159 270 250 318 Quo
278 269 340 307 illa
367 269 490 319 pretio
519 275 691 318 accepto,
719 268 922 317 multisque
950 273 1147 317 praeterea
1174 266 1407 312 muneribus,

157 348 257 386 quae
285 342 366 372 tum
395 347 442 372 ex
471 334 607 372 tabulis
636 333 842 383 Oppianici
870 333 1134 377 recitabantur,
1158 344 1268 381 spem
1294 331 1408 376 illam,

157 412 274 449 quam
295 399 334 436 in
359 399 444 436 alvo
467 399 778 436 commendatam
799 410 822 435 a
843 398 924 435 viro
950 397 1179 442 continebat,
1200 396 1298 434 victa
1321 408 1407 433 ava-

158 465 252 509 ritia,
274 463 405 501 sceleri
430 463 636 513 Oppianici
656 463 836 501 vendidit.
896 471 957 510 35.
987 461 1091 499 Nihil
1116 473 1233 510 posse
1259 461 1336 498 iam
1361 460 1410 498 ad

158 528 257 566 hanc
273 528 555 577 improbitatem
571 528 660 565 addi
675 527 829 565 videtur.
881 526 1078 564 Attendite
1094 526 1248 563 exitum.
1297 524 1410 571 Quae
1425 540 1441 572 5

157 594 292 632 mulier
319 584 572 631 obtestatione
601 593 666 630 viri
695 593 829 630 decem
855 592 926 629 illis
954 591 1150 629 mensibus
1175 603 1223 627 ne
1248 590 1408 628 domum

159 658 315 708 quidem
334 658 460 703 ullam,
482 658 553 695 nisi
574 669 707 695 socrus
731 669 834 699 suae,
855 668 971 694 nosse
998 655 1138 700 debuit,
1159 655 1254 692 haec
1275 655 1409 704 quinto

158 735 291 761 mense
324 730 413 772 post
444 723 511 759 viri
544 730 708 760 mortem
742 722 814 770 ipsi
848 720 1065 771 Oppianico
1099 721 1238 769 nupsit.
1297 719 1410 766 Quae

159 788 314 837 nuptiae
345 799 426 824 non
457 787 654 824 diuturnae
685 786 856 823 fuerunt:
895 792 1002 823 erant
1032 785 1135 822 enim
1168 797 1249 823 non
1281 785 1410 822 matri-

158 852 279 890 monii
300 852 494 901 dignitate,
516 851 583 889 sed
605 851 756 889 sceleris
778 850 958 888 societate
978 850 1217 888 coniunctae.
1428 864 1466 886 10

212 921 273 955 13.
333 918 391 964 36.
431 916 562 963 Quid?
602 917 663 953 illa
698 916 835 953 caedes
870 915 992 953 Asinii
1026 914 1224 960 Larinatis,
1259 913 1409 952 adoles-

93 1000 97 1004 ,
159 982 280 1020 centis
306 982 516 1032 pecuniosi,
544 994 661 1031 quam
689 981 790 1019 clara
815 987 909 1027 tum,
929 980 1071 1018 recenti
1096 992 1147 1026 re,
1168 979 1262 1017 fuit?
1293 990 1412 1028 quam

160 1047 334 1086 omnium
362 1059 538 1084 sermone
562 1047 779 1084 celebrata?
834 1046 921 1083 Fuit
942 1045 1101 1082 Avillius
1121 1045 1279 1094 quidam
1304 1044 1410 1081 Lari-

161 1124 231 1150 nas
264 1112 412 1162 perdita
444 1113 612 1161 nequitia
649 1118 686 1150 et
723 1123 875 1149 summa
907 1117 1087 1160 egestate,
1127 1115 1205 1148 arte
1243 1110 1411 1158 quadam

160 1178 363 1227 praeditus,
398 1177 447 1215 ad
479 1177 655 1215 libidines
689 1176 1062 1215 adolescentulorum
1096 1174 1317 1213 excitandas
1350 1186 1411 1212 ac·
1430 1190 1466 1221 15

162 1243 455 1280 commodatus:
490 1243 555 1291 qui
585 1250 627 1280 ut
658 1254 699 1280 se
730 1242 923 1279 blanditiis
954 1246 992 1278 et
1022 1240 1344 1278 assentationibus
1373 1239 1413 1277 in
1462 1235 1466 1238 ’

162 1306 285 1344 Asinii
308 1307 624 1344 consuetudinem
652 1307 802 1356 penitus
828 1306 1023 1350 immersit,
1051 1304 1291 1354 Oppianicus
1321 1315 1414 1341 con-

162 1372 270 1408 tinuo
309 1383 460 1421 sperare
498 1372 636 1420 coepit,
674 1371 750 1409 hoc
788 1383 827 1408 se
866 1371 1014 1416 Avillio,
1052 1376 1250 1419 tamquam
1287 1369 1414 1418 aliqua

162 1435 342 1473 machina
362 1435 528 1481 admota,
549 1447 687 1485 capere
709 1435 830 1472 Asinii
850 1435 1161 1479 adolescentiam,
1183 1440 1220 1471 et
1240 1433 1414 1472 fortunas

163 1500 244 1538 eius
271 1501 411 1549 patrias
442 1513 663 1549 expugnare
692 1512 820 1549 posse.
891 1499 1005 1537 Ratio
1034 1500 1250 1547 excogitata
1284 1498 1414 1536 Larini
1430 1513 1471 1536 20

162 1571 245 1603 est:
289 1577 350 1603 res
387 1565 568 1603 translata
607 1565 787 1602 Romam.
855 1564 955 1602 Inire
994 1566 1096 1602 enim
1135 1565 1173 1602 id
1211 1564 1414 1602 consilium

163 1629 310 1667 facilius
337 1629 550 1675 solitudine,
579 1630 759 1679 perficere
786 1642 867 1667 rem
893 1629 1083 1668 eiusmodi
1109 1628 1352 1667 commodius
1375 1628 1415 1665 in

163 1695 274 1732 turba
299 1706 416 1743 posse
442 1695 607 1732 arbitrati
635 1702 732 1732 sunt.
791 1694 947 1732 Asinius
973 1706 1061 1732 cum
1087 1694 1225 1731 Avillio
1247 1693 1415 1731 Romam

164 1766 221 1797 est
248 1759 452 1809 profectus.
511 1759 599 1797 Hos
628 1760 794 1808 vestigiis
822 1759 1060 1809 Oppianicus
1087 1766 1318 1797 consecutus
1345 1765 1416 1797 est.

165 1823 247 1862 Iam
271 1831 312 1862 ut
333 1824 483 1862 Romae
509 1826 678 1868 vixerint,
700 1825 838 1874 quibus
865 1825 1057 1870 conviviis,
1086 1824 1224 1874 quibus
1250 1823 1413 1873 flagitiis,
1431 1838 1470 1870 25

164 1889 316 1938 quantis
342 1896 379 1927 et
405 1901 522 1939 quam
549 1889 714 1940 profusis
741 1890 969 1938 sumptibus,
996 1901 1083 1941 non⁸
1099 1888 1218 1927 modo
1244 1889 1414 1934 conscio,

164 1954 234 1993 sed
264 1954 379 1992 etiam
417 1956 576 1993 conviva
609 1962 646 1993 et
684 1955 856 1992 adiutore
891 1954 1121 2003 Oppianico,
1158 1954 1319 2003 longum
1357 1959 1415 1991 est

165 2018 258 2055 mihi
277 2018 412 2065 dicere,
434 2021 655 2069 praesertim
678 2019 727 2056 ad
746 2019 818 2056 alia
838 2019 1070 2068 properanti.
1125 2018 1282 2055 Exitum
1302 2017 1414 2055 huius

167 2083 405 2122 assimulatae
445 2084 703 2122 familiaritatis
742 2083 976 2131 cognoscite.
1046 2092 1107 2132 37.
1143 2082 1276 2129 Quum
1315 2090 1415 2121 esset

169 2146 392 2186 adolescens
424 2149 527 2198 apud
561 2147 823 2186 mulierculam
856 2148 1062 2196 quandam,
1096 2153 1210 2197 atque
1243 2147 1295 2184 ibi
1329 2159 1414 2196 per·
1428 2162 1471 2193 30

169 2217 348 2256 noctaret,
377 2212 428 2250 ibi
463 2213 564 2251 diem
593 2219 789 2263 posterum
824 2219 1135 2258 commoraretur,
1171 2212 1339 2256 Avillius,
1373 2217 1414 2249 ut

170 2281 250 2313 erat
278 2277 534 2324 constitutum,
567 2277 718 2316 simulat
751 2289 792 2315 se
826 2283 1037 2326 aegrotare,
1071 2282 1109 2314 et
1142 2283 1412 2314 testamentum
