1650 2554
142 164 181 203 55
202 161 343 203 64-70-
461 159 636 192 ORATIO
664 157 759 191 PRO
787 154 831 191 A.
864 154 1106 189 cLUENTJO.
1329 142 1380 198 87

140 266 314 312 habebat,
334 260 379 303 'et
405 260 551 303 maiOre
578 277 625 302 ex
655 269 762 314 parte
791 274 833 301 se
861 262 1000 300 habere
1032 259 1261 309 simulabat),
1291 271 1383 297 aux-

140 331 245 370 ilium
263 331 375 380 capiti
395 343 440 368 ac
459 329 620 367 fortunis
640 329 717 367 suis
734 334 862 378 petere
881 327 1019 377 coepit.

194 400 261 434 25.
291 395 375 433 Iam
401 394 477 433 hoc
505 406 584 432 non
613 393 805 443 ignoratis,
833 392 988 437 iudices,
1017 397 1059 429 ut
1086 390 1200 429 etiam
1227 389 1383 436 bestiae,

139 460 241 499 fame
277 461 457 505 monitae,
495 459 718 509 plerumque
754 457 804 496 ad
841 469 930 495 eum
967 457 1107 501 locum,
1145 456 1210 493 ubi
1246 461 1380 505 pastae

140 525 344 576 aliquando
383 525 467 570 sint,
504 530 747 562 revertantur.
818 523 880 559 68.
913 521 1088 560 Staienus
1126 521 1188 558 ille
1225 520 1384 558 biennio
1400 530 1418 566 5

139 597 239 637 ante,
268 601 387 639 quum
415 601 571 627 causam
599 589 790 626 bonorum
820 587 950 625 Safinii
979 586 1127 624 Atellae
1163 586 1381 635 recepisset,

139 655 329 694 sexcentis
348 654 512 691 millibus
533 665 734 691 nummum
754 665 795 690 se
814 652 996 690 iudicium
1012 657 1279 701 corrupturum
1298 661 1384 687 esse

140 719 295 758 dixerat.
351 718 463 766 Quae
496 730 615 768 quum
652 718 861 767 accepisset
898 729 923 755 a
954 716 1111 766 pupillo,
1146 715 1382 765 suppressit:

139 785 355 835 iudicioque
390 784 504 830 facto,
533 796 605 821 nec
641 783 785 821 Safinio
823 795 895 821 nec
930 783 1121 820 bonorum
1151 781 1386 831 emptoribus

140 851 314 890 reddidit.
390 849 521 896 Quam
557 860 677 898 quum
714 848 918 897 pecuniam
955 847 1198 897 profudisset,
1237 852 1275 884 et
1312 845 1382 885 sibi
1401 860 1440 883 10

141 915 243 962 nihil,
263 926 345 953 non
373 914 494 952 modo
523 913 573 951 ad
592 913 818 964 cupiditates
847 925 946 959 suas,
967 912 1035 951 sed
1062 924 1113 950 ne
1142 911 1191 949 ad
1218 911 1385 949 necessi-

141 987 257 1019 tatem
277 979 432 1030 quidem
455 979 690 1028 reliquisset:
723 979 850 1016 statuit
877 978 926 1016 ad
947 978 1100 1016 easdem
1131 977 1202 1015 sibi
1220 977 1385 1026 praedas

142 1057 188 1084 ac
223 1044 511 1095 suppressiones
549 1043 742 1082 iudiciales
770 1042 1046 1081 revertendum.
1102 1042 1238 1092 Itaque
1266 1053 1385 1092 quum

143 1109 401 1160 Oppianicum
438 1108 516 1146 iam
551 1108 753 1158 perditum,
783 1114 821 1146 et
849 1107 1000 1146 duobus
1038 1107 1249 1156 iugulatum
1276 1118 1385 1156 prae-

142 1175 289 1213 iudiciis
317 1173 479 1211 videret:
517 1173 715 1222 promissis
743 1185 831 1211 eum
859 1173 936 1211 suis
973 1172 1148 1210 excitavit
1183 1172 1384 1218 abiectum,
1403 1185 1439 1218 15

145 1246 182 1278 et
202 1239 313 1278 simul
333 1238 442 1276 saluti
463 1238 662 1287 desperare
681 1238 807 1275 vetuit.
863 1237 1102 1288 Oppianicus
1131 1243 1259 1275 autem
1278 1248 1387 1275 orare

143 1303 342 1342 hominem
367 1303 504 1353 coepit,
525 1309 566 1340 ut
594 1302 664 1340 sibi
692 1303 878 1340 rationem
905 1303 1122 1340 ostenderet
1148 1301 1274 1339 iudicii
1302 1313 1385 1340 cor-

144 1369 356 1419 rumpendi.
437 1369 499 1416 69.
528 1367 596 1405 Ille
642 1373 770 1405 autem
818 1366 1162 1418 (quemadmodum
1206 1379 1254 1405 ex
1300 1366 1387 1417 ipso

145 1434 365 1485 Oppianico
393 1438 528 1482 postea
554 1438 612 1470 est
639 1432 825 1479 auditum)
855 1432 1016 1482 negavit,
1041 1443 1274 1482 quemquam
1302 1443 1388 1470 esse

144 1500 185 1538 in
204 1499 362 1543 civitate,
384 1503 531 1548 praeter
559 1509 610 1543 se,
640 1497 705 1546 qui
733 1497 772 1534 id
800 1497 948 1534 efficere
976 1497 1110 1546 possit.
1166 1496 1243 1535 Sed
1261 1497 1386 1547 primo
1404 1511 1444 1535 20

144 1564 292 1614 gravari
319 1563 456 1612 coepit,
477 1561 582 1611 quod
602 1562 830 1600 aedilitatem
850 1573 890 1599 se
910 1567 1038 1612 petere
1061 1573 1150 1599 cum
1168 1561 1389 1600 hominibus

144 1628 399 1673 nobilissimis,
428 1632 465 1664 et
495 1626 673 1665 irrvidiam
701 1633 814 1677 atque
842 1626 1098 1664 offensionem
1126 1627 1258 1665 timere
1287 1627 1388 1666 dice-

144 1693 221 1732 bat.
267 1693 359 1731 Post
379 1700 567 1739 exoratus,
582 1691 690 1730 initio
709 1703 957 1741 permagnam
972 1692 1178 1742 pecuniam
1193 1693 1387 1742 poposcit:

145 1757 282 1797 deinde
302 1758 351 1796 ad
370 1758 410 1797 id
428 1757 609 1808 pervenit,
626 1756 732 1806 quod
752 1756 889 1795 confici
908 1758 1042 1807 potuit,
1062 1763 1101 1795 et
1118 1756 1186 1795 IIS
1208 1765 1388 1796 sexcenta

146 1822 396 1874 quadraginta
432 1822 549 1860 millia
577 1821 713 1860 deferri
750 1820 800 1859 ad
832 1833 874 1859 se
902 1821 1062 1860 domum
1099 1822 1219 1860 iussit.
1275 1822 1387 1870 Quae
1403 1837 1441 1871 ²5

146 1887 309 1939 pecunia
341 1887 453 1925 simul
484 1894 597 1937 atque
630 1886 680 1924 ad
705 1898 794 1924 eum
820 1886 943 1924 delata
976 1893 1044 1934 est,
1062 1886 1184 1925 homo
1214 1887 1388 1937 impuris-

146 1953 264 1991 simus
302 1953 428 1991 statim
460 1953 588 2002 coepit
624 1951 663 1989 in
692 1951 879 1990 eiusmodi
915 1958 1044 1990 mente
1080 1958 1118 1991 et
1155 1953 1388 2002 cogitatione

146 2018 304 2056 versari:
342 2017 436 2055 nihil
468 2029 552 2056 esse
582 2017 792 2055 rationibus
823 2016 950 2055 utilius
980 2029 1097 2067 quam
1127 2016 1388 2067 Oppianicum

148 2082 414 2120 condemnari:
444 2082 508 2121 illo
536 2081 725 2127 absoluto,
748 2082 952 2131 pecuniam
981 2081 1083 2120 illam
1111 2089 1174 2120 aut
1202 2082 1389 2120 iudicibus

149 2144 444 2195 dispertiendam
472 2153 536 2185 aut
564 2147 636 2196 ipsi
665 2158 749 2184 esse
776 2145 1037 2184 reddendam:
1065 2146 1259 2193 damnato,
1279 2158 1387 2195 repe·
1403 2163 1445 2194 30

151 2209 304 2248 titutum
323 2222 406 2249 esse
425 2212 646 2250 neminem·
689 2219 751 2259 70.
779 2210 915 2260 Itaque
934 2223 1016 2249 rem
1035 2212 1227 2260 excogitat
1246 2210 1390 2259 singul-

150 2283 266 2313 arem.
321 2274 448 2327 Atque
475 2275 581 2324 haec,
601 2275 757 2322 iudices,
778 2287 876 2326 quae
904 2287 990 2315 vere
1011 2275 1186 2315 dicuntur
1215 2286 1238 2314 a
1265 2275 1388 2324 nobis,
