1650 2554
199 157 238 194 55
254 159 392 194 37—42·
516 152 691 184 ORATIO
721 153 816 184 PRO
843 151 890 184 A.
923 151 1167 183 cLUENTm.
1388 150 1398 154 '·
1414 151 1468 200 75

243 261 309 296 14.
367 270 429 304 40.
460 257 592 304 Quid?
620 258 745 296 aviam
767 264 885 303 tuam,
906 255 1135 306 Oppianice,
1155 255 1357 302 Dinaeam,
1379 257 1440 294 cui

189 328 232 360 tu
256 335 298 360 es
322 322 444 368 heres,
466 330 573 372 pater
592 330 679 361 tuus
705 334 787 360 non
811 320 1015 359 manifesto
1041 322 1218 359 necavit?
1247 321 1297 358 ad
1322 333 1440 370 quam

190 398 310 437 quum
329 387 550 425 adduxisset
573 388 767 425 medicum
793 386 898 424 illum
918 398 1043 431 suum,
1068 387 1145 423 iam
1171 386 1381 435 cognitum,
1402 392 1440 422 et

192 464 306 501 saepe
333 453 515 490 victorem
547 450 631 504 [per
657 464 774 501 quem
799 450 1038 489 interfecerat
1061 451 1275 500 plurimos,]
1304 451 1440 488 mulier

190 517 389 562 exclamat,
419 529 459 554 se
486 517 535 554 ab
562 529 609 554 eo
629 517 734 554 nullo
756 516 877 553 modo
903 515 998 553 velle
1026 516 1158 562 curari,
1179 527 1257 565 quo
1284 522 1439 553 curante
1454 530 1472 562 5

191 593 282 620 suos
327 593 465 619 omnes
503 581 742 631 perdidisset.
812 579 917 617 Tum
955 586 1111 630 repente
1148 581 1438 618 Anconitanum

189 646 396 696 quendam,
423 646 467 684 L.
494 646 687 692 Clodium,
713 646 1054 697 pharmacopolam
1080 645 1437 691 circumforaneum,

179 712 254 761 ·qui
288 723 379 749 casu
408 718 489 748 tum
522 710 706 748 Larinum
734 711 909 757 venisset,
940 711 1168 760 aggreditur,
1198 717 1236 749 et
1269 723 1357 749 cum
1391 722 1439 748 eo

188 776 341 814 duobus
367 775 532 813 millibus
555 775 637 821 IIS,
666 776 706 814 id
731 775 838 825 quod
863 776 982 825 ipsius
1011 776 1148 814 tabulis
1175 782 1256 814 tum
1285 782 1343 813 est
1372 776 1442 813 de-

187 846 453 887 monstratum,
489 841 674 889 transigit.
731 840 776 878 L.
807 839 977 883 Clodius,
1012 841 1075 890 qui
1109 847 1341 890 properaret,
1376 841 1436 878 cui
1456 856 1495 878 10

189 904 274 943 fora
306 905 425 942 multa
458 912 652 951 restarent,
687 905 800 943 simul
833 912 948 955 atque
981 906 1220 944 introductus
1253 913 1322 952 est,
1356 919 1439 944 rem

187 970 376 1009 confecit:
405 970 529 1019 prima
548 970 707 1019 potione
730 970 928 1008 mulierem
954 971 1127 1008 sustulit:
1157 983 1283 1021 neque
1302 978 1438 1021 postea

186 1033 317 1072 Larini
345 1041 531 1084 punctum
560 1041 617 1073 est
644 1036 829 1084 temporis
862 1042 1135 1073 commoratus.
1193 1048 1256 1082 41.
1285 1035 1437 1074 Eadem

187 1099 260 1137 hac
285 1099 436 1137 Dinaea
459 1106 731 1138 testamentum
757 1100 931 1146 faciente,
953 1113 1073 1150 quum
1098 1101 1246 1139 tabulas
1272 1101 1436 1151 prehen-

188 1164 306 1202 disset
327 1164 587 1214 -Oppianicus,
619 1166 684 1215 qui
717 1177 837 1214 gener
867 1167 948 1203 eius
979 1165 1123 1213 fuisset,
1157 1166 1277 1216 digito
1311 1167 1437 1216 legata
1455 1181 1492 1215 ¹5

187 1229 339 1267 delevit:
380 1236 429 1276 et,
459 1242 579 1279 quum
606 1230 645 1268 id
673 1231 801 1268 multis
829 1231 924 1268 locis
953 1230 1116 1277 fecisset,
1134 1238 1239 1285 'post
1271 1238 1436 1270 mortem

188 1295 281 1340 eius,
302 1306 351 1332 ne
371 1295 488 1332 lituris
509 1295 666 1343 coargui
692 1302 836 1344 posset,
856 1301 1128 1333 testamentum
1153 1297 1193 1333 in
1213 1296 1304 1334 alias
1327 1298 1437 1335 tabu-

188 1357 244 1396 las
277 1359 576 1408 transscriptum,
615 1360 734 1408 signis
772 1360 993 1398 adulterinis
1031 1361 1256 1410 obsignavit.
1314 1361 1438 1399 Multa

187 1429 385 1473 praetereo
406 1424 594 1462 consulto.
651 1424 805 1462 Etenim
824 1437 966 1471 vereor,
986 1437 1036 1463 ne
1055 1426 1150 1464 haec
1173 1426 1257 1476 ipsa
1275 1427 1437 1464 nimium

186 1488 307 1525 multa
326 1500 410 1526 esse
429 1487 635 1526 videantur.
694 1488 777 1526 Vos
797 1495 926 1526 tamen
945 1502 1034 1527 eum
1062 1491 1224 1528 similem
1245 1491 1301 1529 sui
1321 1491 1435 1529 fuisse
1452 1507 1494 1530 zo

187 1553 226 1590 in
246 1553 379 1591 ceteris
399 1553 495 1590 vitae
515 1554 683 1602 partibus
703 1554 919 1592 existimare
939 1555 1097 1595 debetis.
1153 1555 1268 1594 Illum
1288 1556 1435 1595 tabulas

186 1617 359 1668 publicas
383 1617 513 1655 Larini
537 1619 731 1656 censorias
755 1620 983 1669 corrupisse,
1014 1621 1242 1660 decuriones
1270 1622 1436 1660 universi

186 1682 458 1720 iudicaverunt.
516 1681 616 1720 Cum
642 1683 705 1720 illo
731 1684 808 1722 iarn
834 1696 950 1722 nemo
979 1685 1179 1732 rationem,
1209 1698 1326 1724 nemo
1354 1699 1437 1725 rem

186 1747 302 1785 ullam
330 1746 605 1785 contrahebat:
638 1760 755 1786 nemo
783 1749 889 1787 illum
917 1762 965 1787 ex
994 1757 1073 1788 tam
1102 1751 1230 1789 multis
1258 1753 1435 1801 cognatis

186 1819 224 1850 et
248 1812 424 1849 affinibus
453 1818 618 1850 tutorem
642 1804 829 1863 umquam
855 1814 982 1852 liberis
1010 1815 1086 1853 suis
1115 1816 1288 1866 scripsit:
1317 1829 1434 1854 nemo
1452 1833 1490 1865 25

185 1877 292 1915 illum
325 1876 439 1922 aditu,
470 1889 588 1915 nemo
622 1879 908 1928 congressione,
942 1892 1060 1918 nemo
1094 1893 1283 1928 sermone,
1317 1894 1434 1920 nemo

186 1941 361 1980 convivio
380 1941 540 1990 dignum
558 1942 771 1980 iudicabat:
800 1955 936 1982 omnes
965 1947 1275 1994 aspernabantur,
1297 1959 1434 1986 omnes

186 2006 451 2051 abhorrebant,
472 2018 620 2053 omnes,
636 2013 677 2044 ut
697 2008 863 2058 aliquam
883 2009 1092 2048 immanem
1112 2023 1157 2050 ac
1175 2012 1435 2062 perniciosam

186 2070 347 2108 bestiam
363 2077 587 2120 pestemque
602 2071 810 2121 fugiebant.
855 2086 917 2120 42.
946 2074 1066 2112 Hunc
1086 2081 1216 2113 tamen
1235 2076 1436 2114 hominem

187 2141 266 2173 tam
293 2135 490 2182 audacem,
519 2143 598 2174 tam
626 2136 823 2183 nefarium,
856 2144 936 2176 tam
970 2147 1188 2186 nocentem,
1223 2154 1435 2191 numquam
1449 2158 1492 2189 30

188 2206 404 2238 accusasset
438 2199 616 2247 Habitus,
650 2201 807 2249 iudices,
842 2204 872 2241 si
907 2204 946 2242 id
979 2206 1291 2254 praetermittere,
1327 2207 1432 2246 salvo

190 2264 313 2314 capite
345 2275 429 2312 suo,
461 2265 660 2317 potuisset.
714 2266 806 2306 Erat
838 2267 926 2307 huic
960 2270 1136 2308 inimicus
1172 2270 1439 2320 Oppianicus:
