<?xml version="1.0" encoding="UTF-8"?>
<!DOCTYPE html PUBLIC "-//W3C//DTD XHTML 1.0 Transitional//EN"
    "http://www.w3.org/TR/xhtml1/DTD/xhtml1-transitional.dtd">
<html xmlns="http://www.w3.org/1999/xhtml" xml:lang="en" lang="en">
 <head>
  <title>
</title>
<meta http-equiv="Content-Type" content="text/html;charset=utf-8" />
  <meta name='ocr-system' content='tesseract 3.04.00' />
  <meta name='ocr-capabilities' content='ocr_page ocr_carea ocr_par ocr_line ocrx_word'/>
</head>
<body>
  <div class='ocr_page' id='page_1' title='image "./procluentiowithi00ciceuoft/procluentiowithi00ciceuoft_0073.png"; bbox 0 0 1650 2554; ppageno 0'>
   <div class='ocr_carea' id='block_1_1' title="bbox 0 0 32 1254">
    <p class='ocr_par' dir='ltr' id='par_1_1' title="bbox 0 0 32 1254">
     <span class='ocr_line' id='line_1_1' title="bbox 0 0 32 1254; baseline 0 0"><span class='ocrx_word' id='word_1_1' title='bbox 0 0 32 1254; x_wconf 95' lang='lat' dir='ltr'> </span> 
     </span>
    </p>
   </div>
   <div class='ocr_carea' id='block_1_2' title="bbox 15 2405 55 2554">
    <p class='ocr_par' dir='ltr' id='par_1_2' title="bbox 15 2405 55 2554">
     <span class='ocr_line' id='line_1_2' title="bbox 15 2405 35 2554; textangle 90"><span class='ocrx_word' id='word_1_2' title='bbox 15 2484 35 2554; x_wconf 63' lang='grc' dir='ltr'>τ.ῖζ;.ἶ</span> <span class='ocrx_word' id='word_1_3' title='bbox 18 2405 34 2441; x_wconf 55' lang='lat' dir='ltr'>n·</span> 
     </span>
     <span class='ocr_line' id='line_1_3' title="bbox 39 2495 55 2554; textangle 90"><span class='ocrx_word' id='word_1_4' title='bbox 39 2540 55 2554; x_wconf 60' lang='lat'>„⁴⁷</span> <span class='ocrx_word' id='word_1_5' title='bbox 43 2514 45 2529; x_wconf 36' lang='grc' dir='ltr'>μ</span> <span class='ocrx_word' id='word_1_6' title='bbox 42 2495 43 2498; x_wconf 60' lang='lat'><em>„</em></span> 
     </span>
    </p>
   </div>
   <div class='ocr_carea' id='block_1_3' title="bbox 158 159 1398 207">
    <p class='ocr_par' dir='ltr' id='par_1_3' title="bbox 158 159 1398 207">
     <span class='ocr_line' id='line_1_4' title="bbox 158 159 1398 207; baseline 0.002 -9"><span class='ocrx_word' id='word_1_7' title='bbox 158 169 197 207; x_wconf 72' lang='lat'>§5</span> <span class='ocrx_word' id='word_1_8' title='bbox 216 166 308 198; x_wconf 78' lang='lat'>2-8-</span> <span class='ocrx_word' id='word_1_9' title='bbox 454 165 630 198; x_wconf 75' lang='lat' dir='ltr'><em>ORATIO</em></span> <span class='ocrx_word' id='word_1_10' title='bbox 658 167 754 198; x_wconf 82' lang='lat' dir='ltr'>PRO</span> <span class='ocrx_word' id='word_1_11' title='bbox 781 166 828 199; x_wconf 77' lang='lat' dir='ltr'>A.</span> <span class='ocrx_word' id='word_1_12' title='bbox 861 166 1101 202; x_wconf 76' lang='lat' dir='ltr'>eLUENTm.</span> <span class='ocrx_word' id='word_1_13' title='bbox 1345 159 1398 200; x_wconf 91' lang='lat'>61</span> 
     </span>
    </p>
   </div>
   <div class='ocr_carea' id='block_1_4' title="bbox 151 273 1460 2340">
    <p class='ocr_par' dir='ltr' id='par_1_4' title="bbox 152 273 1460 1300">
     <span class='ocr_line' id='line_1_5' title="bbox 155 273 1403 324; baseline -0.001 -11"><span class='ocrx_word' id='word_1_14' title='bbox 155 275 224 314; x_wconf 89' lang='lat' dir='ltr'>ciis</span> <span class='ocrx_word' id='word_1_15' title='bbox 249 279 286 312; x_wconf 91' lang='lat' dir='ltr'>et</span> <span class='ocrx_word' id='word_1_16' title='bbox 315 274 396 311; x_wconf 89' lang='lat' dir='ltr'>sine</span> <span class='ocrx_word' id='word_1_17' title='bbox 422 273 564 311; x_wconf 89' lang='lat' dir='ltr'>invidia</span> <span class='ocrx_word' id='word_1_18' title='bbox 589 273 702 323; x_wconf 88' lang='lat' dir='ltr'>culpa</span> <span class='ocrx_word' id='word_1_19' title='bbox 726 273 925 323; x_wconf 86' lang='lat' dir='ltr'><strong>plectatur,</strong></span> <span class='ocrx_word' id='word_1_20' title='bbox 954 280 992 312; x_wconf 89' lang='lat' dir='ltr'>et</span> <span class='ocrx_word' id='word_1_21' title='bbox 1017 273 1098 312; x_wconf 89' lang='lat' dir='ltr'>sine</span> <span class='ocrx_word' id='word_1_22' title='bbox 1124 274 1236 324; x_wconf 88' lang='lat' dir='ltr'>culpa</span> <span class='ocrx_word' id='word_1_23' title='bbox 1260 274 1403 313; x_wconf 91' lang='lat' dir='ltr'>invidia</span> 
     </span>
     <span class='ocr_line' id='line_1_6' title="bbox 155 337 1401 389; baseline 0 -13"><span class='ocrx_word' id='word_1_24' title='bbox 155 346 328 389; x_wconf 89' lang='lat' dir='ltr'>ponatur.</span> <span class='ocrx_word' id='word_1_25' title='bbox 388 339 425 375; x_wconf 90' lang='lat'>6.</span> <span class='ocrx_word' id='word_1_26' title='bbox 457 337 722 385; x_wconf 87' lang='lat' dir='ltr'>Quamobrem</span> <span class='ocrx_word' id='word_1_27' title='bbox 748 350 772 376; x_wconf 87' lang='lat' dir='ltr'>a</span> <span class='ocrx_word' id='word_1_28' title='bbox 796 339 916 385; x_wconf 86' lang='lat' dir='ltr'>vobis,</span> <span class='ocrx_word' id='word_1_29' title='bbox 941 339 1096 385; x_wconf 90' lang='lat' dir='ltr'>iudices,</span> <span class='ocrx_word' id='word_1_30' title='bbox 1119 346 1326 389; x_wconf 84' lang='lat' dir='ltr'>antequam</span> <span class='ocrx_word' id='word_1_31' title='bbox 1353 340 1401 377; x_wconf 90' lang='lat' dir='ltr'>de</span> 
     </span>
     <span class='ocr_line' id='line_1_7' title="bbox 154 403 1402 455; baseline 0 -14"><span class='ocrx_word' id='word_1_32' title='bbox 154 403 238 454; x_wconf 90' lang='lat' dir='ltr'>ipsa</span> <span class='ocrx_word' id='word_1_33' title='bbox 257 415 373 442; x_wconf 84' lang='lat' dir='ltr'>causa</span> <span class='ocrx_word' id='word_1_34' title='bbox 393 403 520 442; x_wconf 88' lang='lat' dir='ltr'>dicere</span> <span class='ocrx_word' id='word_1_35' title='bbox 537 404 691 453; x_wconf 90' lang='lat' dir='ltr'>incipio,</span> <span class='ocrx_word' id='word_1_36' title='bbox 713 404 807 442; x_wconf 90' lang='lat' dir='ltr'>haec</span> <span class='ocrx_word' id='word_1_37' title='bbox 830 404 1005 453; x_wconf 86' lang='lat' dir='ltr'>postulo:</span> <span class='ocrx_word' id='word_1_38' title='bbox 1034 404 1200 454; x_wconf 88' lang='lat' dir='ltr'>primum</span> <span class='ocrx_word' id='word_1_39' title='bbox 1221 403 1276 455; x_wconf 92' lang='lat' dir='ltr'>(id</span> <span class='ocrx_word' id='word_1_40' title='bbox 1296 404 1402 454; x_wconf 92' lang='lat' dir='ltr'>quod</span> 
     </span>
     <span class='ocr_line' id='line_1_8' title="bbox 154 469 1400 519; baseline 0 -13"><span class='ocrx_word' id='word_1_41' title='bbox 154 469 427 519; x_wconf 83' lang='lat' dir='ltr'>aequissimum</span> <span class='ocrx_word' id='word_1_42' title='bbox 454 472 528 516; x_wconf 90' lang='lat' dir='ltr'>est)</span> <span class='ocrx_word' id='word_1_43' title='bbox 557 475 596 506; x_wconf 92' lang='lat' dir='ltr'>ut</span> <span class='ocrx_word' id='word_1_44' title='bbox 629 481 678 506; x_wconf 91' lang='lat' dir='ltr'>ne</span> <span class='ocrx_word' id='word_1_45' title='bbox 707 469 800 518; x_wconf 91' lang='lat' dir='ltr'>quid</span> <span class='ocrx_word' id='word_1_46' title='bbox 830 469 905 507; x_wconf 89' lang='lat' dir='ltr'>huc</span> <span class='ocrx_word' id='word_1_47' title='bbox 936 469 1183 519; x_wconf 89' lang='lat' dir='ltr'>praeiudicati</span> <span class='ocrx_word' id='word_1_48' title='bbox 1211 469 1400 507; x_wconf 85' lang='lat' dir='ltr'>afferatis:</span> 
     </span>
     <span class='ocr_line' id='line_1_9' title="bbox 153 534 1436 582; baseline 0.001 -11"><span class='ocrx_word' id='word_1_49' title='bbox 153 534 296 572; x_wconf 85' lang='lat' dir='ltr'><strong>etenim</strong></span> <span class='ocrx_word' id='word_1_50' title='bbox 315 546 396 571; x_wconf 91' lang='lat' dir='ltr'>non</span> <span class='ocrx_word' id='word_1_51' title='bbox 415 534 534 572; x_wconf 88' lang='lat' dir='ltr'>modo</span> <span class='ocrx_word' id='word_1_52' title='bbox 554 534 828 581; x_wconf 89' lang='lat' dir='ltr'>auctoritatem,</span> <span class='ocrx_word' id='word_1_53' title='bbox 845 535 913 573; x_wconf 91' lang='lat' dir='ltr'>sed</span> <span class='ocrx_word' id='word_1_54' title='bbox 934 535 1048 573; x_wconf 89' lang='lat' dir='ltr'>etiam</span> <span class='ocrx_word' id='word_1_55' title='bbox 1067 546 1212 572; x_wconf 88' lang='lat' dir='ltr'>nomen</span> <span class='ocrx_word' id='word_1_56' title='bbox 1231 535 1402 572; x_wconf 88' lang='lat' dir='ltr'>iudicum</span> <span class='ocrx_word' id='word_1_57' title='bbox 1418 550 1436 582; x_wconf 87' lang='lat'>5</span> 
     </span>
     <span class='ocr_line' id='line_1_10' title="bbox 154 598 1403 649; baseline 0 -12"><span class='ocrx_word' id='word_1_58' title='bbox 154 598 382 644; x_wconf 83' lang='lat' dir='ltr'>amittemus,</span> <span class='ocrx_word' id='word_1_59' title='bbox 416 599 488 636; x_wconf 90' lang='lat' dir='ltr'>nisi</span> <span class='ocrx_word' id='word_1_60' title='bbox 525 599 587 637; x_wconf 91' lang='lat' dir='ltr'>hic</span> <span class='ocrx_word' id='word_1_61' title='bbox 625 612 672 637; x_wconf 86' lang='lat' dir='ltr'>ex</span> <span class='ocrx_word' id='word_1_62' title='bbox 705 599 799 649; x_wconf 90' lang='lat' dir='ltr'>ipsis</span> <span class='ocrx_word' id='word_1_63' title='bbox 833 601 958 638; x_wconf 88' lang='lat' dir='ltr'>causis</span> <span class='ocrx_word' id='word_1_64' title='bbox 991 600 1253 647; x_wconf 85' lang='lat' dir='ltr'>iudicabimus,</span> <span class='ocrx_word' id='word_1_65' title='bbox 1288 601 1319 639; x_wconf 91' lang='lat' dir='ltr'>si</span> <span class='ocrx_word' id='word_1_66' title='bbox 1353 600 1403 637; x_wconf 93' lang='lat' dir='ltr'>ad</span> 
     </span>
     <span class='ocr_line' id='line_1_11' title="bbox 154 664 1402 703; baseline 0 -1"><span class='ocrx_word' id='word_1_67' title='bbox 154 675 290 702; x_wconf 91' lang='lat' dir='ltr'>causas</span> <span class='ocrx_word' id='word_1_68' title='bbox 327 664 465 702; x_wconf 91' lang='lat' dir='ltr'>iudicia</span> <span class='ocrx_word' id='word_1_69' title='bbox 501 665 578 702; x_wconf 90' lang='lat' dir='ltr'>iam</span> <span class='ocrx_word' id='word_1_70' title='bbox 615 664 716 702; x_wconf 86' lang='lat' dir='ltr'>facta</span> <span class='ocrx_word' id='word_1_71' title='bbox 749 665 865 703; x_wconf 89' lang='lat' dir='ltr'>domo</span> <span class='ocrx_word' id='word_1_72' title='bbox 898 665 1124 703; x_wconf 87' lang='lat' dir='ltr'>deferemus.</span> <span class='ocrx_word' id='word_1_73' title='bbox 1184 665 1336 703; x_wconf 82' lang='lat' dir='ltr'><strong>Deinde</strong></span> <span class='ocrx_word' id='word_1_74' title='bbox 1370 666 1402 703; x_wconf 90' lang='lat' dir='ltr'>si</span> 
     </span>
     <span class='ocr_line' id='line_1_12' title="bbox 154 729 1402 779; baseline 0.002 -13"><span class='ocrx_word' id='word_1_75' title='bbox 154 741 271 779; x_wconf 89' lang='lat' dir='ltr'>quam</span> <span class='ocrx_word' id='word_1_76' title='bbox 301 729 524 779; x_wconf 88' lang='lat' dir='ltr'>opinionem</span> <span class='ocrx_word' id='word_1_77' title='bbox 554 729 631 766; x_wconf 93' lang='lat' dir='ltr'>iam</span> <span class='ocrx_word' id='word_1_78' title='bbox 660 731 793 767; x_wconf 90' lang='lat' dir='ltr'>vestris</span> <span class='ocrx_word' id='word_1_79' title='bbox 823 731 1017 769; x_wconf 91' lang='lat' dir='ltr'>mentibus</span> <span class='ocrx_word' id='word_1_80' title='bbox 1046 729 1402 779; x_wconf 84' lang='lat' dir='ltr'>comprehendistis,</span> 
     </span>
     <span class='ocr_line' id='line_1_13' title="bbox 153 794 1402 845; baseline 0.001 -14"><span class='ocrx_word' id='word_1_81' title='bbox 153 794 186 831; x_wconf 89' lang='lat' dir='ltr'>si</span> <span class='ocrx_word' id='word_1_82' title='bbox 215 805 302 831; x_wconf 91' lang='lat' dir='ltr'>eam</span> <span class='ocrx_word' id='word_1_83' title='bbox 330 794 425 831; x_wconf 90' lang='lat' dir='ltr'>ratio</span> <span class='ocrx_word' id='word_1_84' title='bbox 456 794 651 841; x_wconf 86' lang='lat' dir='ltr'>convellet‚</span> <span class='ocrx_word' id='word_1_85' title='bbox 681 795 712 832; x_wconf 92' lang='lat' dir='ltr'>si</span> <span class='ocrx_word' id='word_1_86' title='bbox 741 795 863 833; x_wconf 89' lang='lat' dir='ltr'>oratio</span> <span class='ocrx_word' id='word_1_87' title='bbox 892 795 1145 841; x_wconf 82' lang='lat' dir='ltr'>labefactabit,</span> <span class='ocrx_word' id='word_1_88' title='bbox 1175 795 1206 833; x_wconf 91' lang='lat' dir='ltr'>si</span> <span class='ocrx_word' id='word_1_89' title='bbox 1236 795 1402 845; x_wconf 85' lang='lat' dir='ltr'>denique</span> 
     </span>
     <span class='ocr_line' id='line_1_14' title="bbox 154 859 1460 910; baseline 0.002 -14"><span class='ocrx_word' id='word_1_90' title='bbox 154 859 288 896; x_wconf 85' lang='lat' dir='ltr'>veritas</span> <span class='ocrx_word' id='word_1_91' title='bbox 307 859 571 908; x_wconf 87' lang='lat' dir='ltr'>extorquebit:</span> <span class='ocrx_word' id='word_1_92' title='bbox 606 872 656 897; x_wconf 89' lang='lat' dir='ltr'>ne</span> <span class='ocrx_word' id='word_1_93' title='bbox 675 861 908 909; x_wconf 87' lang='lat' dir='ltr'>repugnetis,</span> <span class='ocrx_word' id='word_1_94' title='bbox 929 872 1091 910; x_wconf 90' lang='lat' dir='ltr'>eamque</span> <span class='ocrx_word' id='word_1_95' title='bbox 1111 860 1249 898; x_wconf 88' lang='lat' dir='ltr'>animis</span> <span class='ocrx_word' id='word_1_96' title='bbox 1268 860 1401 898; x_wconf 86' lang='lat' dir='ltr'>vestris</span> <span class='ocrx_word' id='word_1_97' title='bbox 1420 875 1460 898; x_wconf 88' lang='lat'>10</span> 
     </span>
     <span class='ocr_line' id='line_1_15' title="bbox 154 923 1402 974; baseline 0.002 -14"><span class='ocrx_word' id='word_1_98' title='bbox 154 931 218 961; x_wconf 89' lang='lat' dir='ltr'>aut</span> <span class='ocrx_word' id='word_1_99' title='bbox 245 923 449 962; x_wconf 86' lang='lat' dir='ltr'>libentibus</span> <span class='ocrx_word' id='word_1_100' title='bbox 463 928 542 961; x_wconf 86' lang='lat' dir='ltr'>&#39;aut</span> <span class='ocrx_word' id='word_1_101' title='bbox 569 925 701 974; x_wconf 86' lang='lat' dir='ltr'>aequis</span> <span class='ocrx_word' id='word_1_102' title='bbox 730 926 939 971; x_wconf 86' lang='lat' dir='ltr'>remittatis.</span> <span class='ocrx_word' id='word_1_103' title='bbox 997 925 1101 963; x_wconf 92' lang='lat' dir='ltr'>Tum</span> <span class='ocrx_word' id='word_1_104' title='bbox 1130 932 1256 963; x_wconf 90' lang='lat' dir='ltr'>autem</span> <span class='ocrx_word' id='word_1_105' title='bbox 1283 937 1402 974; x_wconf 91' lang='lat' dir='ltr'>quum</span> 
     </span>
     <span class='ocr_line' id='line_1_16' title="bbox 154 989 1400 1039; baseline 0.002 -14"><span class='ocrx_word' id='word_1_106' title='bbox 154 999 228 1037; x_wconf 89' lang='lat' dir='ltr'>ego</span> <span class='ocrx_word' id='word_1_107' title='bbox 260 1000 489 1038; x_wconf 90' lang='lat' dir='ltr'>unaquaque</span> <span class='ocrx_word' id='word_1_108' title='bbox 522 989 570 1028; x_wconf 94' lang='lat' dir='ltr'>de</span> <span class='ocrx_word' id='word_1_109' title='bbox 603 1002 644 1027; x_wconf 90' lang='lat' dir='ltr'>re</span> <span class='ocrx_word' id='word_1_110' title='bbox 677 989 814 1036; x_wconf 90' lang='lat' dir='ltr'>dicam,</span> <span class='ocrx_word' id='word_1_111' title='bbox 849 996 886 1028; x_wconf 91' lang='lat' dir='ltr'>et</span> <span class='ocrx_word' id='word_1_112' title='bbox 919 990 1073 1037; x_wconf 89' lang='lat' dir='ltr'>diluam,</span> <span class='ocrx_word' id='word_1_113' title='bbox 1105 1002 1154 1028; x_wconf 92' lang='lat' dir='ltr'>ne</span> <span class='ocrx_word' id='word_1_114' title='bbox 1187 990 1272 1039; x_wconf 92' lang='lat' dir='ltr'>ipsi,</span> <span class='ocrx_word' id='word_1_115' title='bbox 1301 1002 1400 1039; x_wconf 89' lang='lat' dir='ltr'>quae</span> 
     </span>
     <span class='ocr_line' id='line_1_17' title="bbox 153 1054 1400 1104; baseline 0.002 -14"><span class='ocrx_word' id='word_1_116' title='bbox 153 1054 344 1091; x_wconf 86' lang='lat' dir='ltr'>contraria</span> <span class='ocrx_word' id='word_1_117' title='bbox 378 1054 463 1100; x_wconf 88' lang='lat' dir='ltr'>sint,</span> <span class='ocrx_word' id='word_1_118' title='bbox 494 1054 597 1093; x_wconf 89' lang='lat' dir='ltr'>taciti</span> <span class='ocrx_word' id='word_1_119' title='bbox 631 1056 851 1104; x_wconf 84' lang='lat' dir='ltr'>cogitationi</span> <span class='ocrx_word' id='word_1_120' title='bbox 885 1062 1030 1094; x_wconf 90' lang='lat' dir='ltr'>vestrae</span> <span class='ocrx_word' id='word_1_121' title='bbox 1065 1055 1294 1094; x_wconf 85' lang='lat' dir='ltr'>subiiciatis:</span> <span class='ocrx_word' id='word_1_122' title='bbox 1332 1056 1400 1094; x_wconf 91' lang='lat' dir='ltr'>sed</span> 
     </span>
     <span class='ocr_line' id='line_1_18' title="bbox 153 1118 1401 1170; baseline 0.002 -15"><span class='ocrx_word' id='word_1_123' title='bbox 153 1118 203 1156; x_wconf 89' lang='lat' dir='ltr'>ad</span> <span class='ocrx_word' id='word_1_124' title='bbox 230 1125 443 1156; x_wconf 83' lang='lat' dir='ltr'>extremum</span> <span class='ocrx_word' id='word_1_125' title='bbox 471 1121 709 1170; x_wconf 89' lang='lat' dir='ltr'>exspectetis,</span> <span class='ocrx_word' id='word_1_126' title='bbox 734 1127 771 1158; x_wconf 89' lang='lat' dir='ltr'>et</span> <span class='ocrx_word' id='word_1_127' title='bbox 795 1133 858 1159; x_wconf 91' lang='lat' dir='ltr'>me</span> <span class='ocrx_word' id='word_1_128' title='bbox 887 1133 1018 1159; x_wconf 91' lang='lat' dir='ltr'>meum</span> <span class='ocrx_word' id='word_1_129' title='bbox 1044 1121 1195 1159; x_wconf 90' lang='lat' dir='ltr'>dicendi</span> <span class='ocrx_word' id='word_1_130' title='bbox 1224 1121 1401 1159; x_wconf 89' lang='lat' dir='ltr'>ordinem</span> 
     </span>
     <span class='ocr_line' id='line_1_19' title="bbox 154 1184 1456 1236; baseline 0.002 -14"><span class='ocrx_word' id='word_1_131' title='bbox 154 1195 302 1222; x_wconf 84' lang='lat' dir='ltr'>servare</span> <span class='ocrx_word' id='word_1_132' title='bbox 321 1184 541 1233; x_wconf 80' lang='lat' dir='ltr'>patiamini:</span> <span class='ocrx_word' id='word_1_133' title='bbox 571 1196 689 1235; x_wconf 89' lang='lat' dir='ltr'>quum</span> <span class='ocrx_word' id='word_1_134' title='bbox 709 1197 901 1235; x_wconf 91' lang='lat' dir='ltr'>peroraro,</span> <span class='ocrx_word' id='word_1_135' title='bbox 922 1193 1016 1232; x_wconf 90' lang='lat' dir='ltr'>tum,</span> <span class='ocrx_word' id='word_1_136' title='bbox 1037 1187 1068 1224; x_wconf 88' lang='lat' dir='ltr'>si</span> <span class='ocrx_word' id='word_1_137' title='bbox 1088 1186 1181 1236; x_wconf 91' lang='lat' dir='ltr'>quid</span> <span class='ocrx_word' id='word_1_138' title='bbox 1199 1187 1269 1224; x_wconf 91' lang='lat' dir='ltr'>erit</span> <span class='ocrx_word' id='word_1_139' title='bbox 1290 1198 1399 1236; x_wconf 90' lang='lat' dir='ltr'>prae·</span> <span class='ocrx_word' id='word_1_140' title='bbox 1419 1202 1456 1234; x_wconf 86' lang='lat'>15</span> 
     </span>
     <span class='ocr_line' id='line_1_20' title="bbox 152 1250 693 1300; baseline 0 -12"><span class='ocrx_word' id='word_1_141' title='bbox 152 1250 315 1296; x_wconf 86' lang='lat' dir='ltr'>teritum,</span> <span class='ocrx_word' id='word_1_142' title='bbox 336 1250 464 1287; x_wconf 86' lang='lat' dir='ltr'>animo</span> <span class='ocrx_word' id='word_1_143' title='bbox 484 1250 693 1300; x_wconf 90' lang='lat' dir='ltr'>requiratis.</span> 
     </span>
    </p>

    <p class='ocr_par' dir='ltr' id='par_1_5' title="bbox 151 1314 1458 2340">
     <span class='ocr_line' id='line_1_21' title="bbox 207 1314 1400 1367; baseline 0.003 -15"><span class='ocrx_word' id='word_1_144' title='bbox 207 1318 245 1353; x_wconf 86' lang='lat'>3.</span> <span class='ocrx_word' id='word_1_145' title='bbox 281 1323 315 1363; x_wconf 86' lang='lat'>7.</span> <span class='ocrx_word' id='word_1_146' title='bbox 347 1314 433 1364; x_wconf 87' lang='lat' dir='ltr'>Ego</span> <span class='ocrx_word' id='word_1_147' title='bbox 454 1326 527 1360; x_wconf 90' lang='lat' dir='ltr'>me,</span> <span class='ocrx_word' id='word_1_148' title='bbox 547 1315 703 1361; x_wconf 89' lang='lat' dir='ltr'>iudices,</span> <span class='ocrx_word' id='word_1_149' title='bbox 724 1316 773 1354; x_wconf 91' lang='lat' dir='ltr'>ad</span> <span class='ocrx_word' id='word_1_150' title='bbox 802 1329 888 1354; x_wconf 89' lang='lat' dir='ltr'>eam</span> <span class='ocrx_word' id='word_1_151' title='bbox 912 1329 1067 1355; x_wconf 88' lang='lat' dir='ltr'>causam</span> <span class='ocrx_word' id='word_1_152' title='bbox 1087 1316 1281 1363; x_wconf 87' lang='lat' dir='ltr'>accedere,</span> <span class='ocrx_word' id='word_1_153' title='bbox 1301 1329 1400 1367; x_wconf 90' lang='lat' dir='ltr'>quae</span> 
     </span>
     <span class='ocr_line' id='line_1_22' title="bbox 154 1380 1400 1432; baseline 0.002 -15"><span class='ocrx_word' id='word_1_154' title='bbox 154 1380 230 1418; x_wconf 87' lang='lat' dir='ltr'>iam</span> <span class='ocrx_word' id='word_1_155' title='bbox 250 1391 317 1429; x_wconf 90' lang='lat' dir='ltr'>per</span> <span class='ocrx_word' id='word_1_156' title='bbox 336 1391 459 1418; x_wconf 90' lang='lat' dir='ltr'>annos</span> <span class='ocrx_word' id='word_1_157' title='bbox 480 1387 570 1417; x_wconf 95' lang='lat' dir='ltr'>octo</span> <span class='ocrx_word' id='word_1_158' title='bbox 588 1380 792 1419; x_wconf 91' lang='lat' dir='ltr'>continuos</span> <span class='ocrx_word' id='word_1_159' title='bbox 813 1394 861 1419; x_wconf 84' lang='lat' dir='ltr'>ex</span> <span class='ocrx_word' id='word_1_160' title='bbox 881 1382 1069 1420; x_wconf 88' lang='lat' dir='ltr'>contraria</span> <span class='ocrx_word' id='word_1_161' title='bbox 1088 1388 1194 1432; x_wconf 89' lang='lat' dir='ltr'>parte</span> <span class='ocrx_word' id='word_1_162' title='bbox 1214 1382 1400 1428; x_wconf 89' lang='lat' dir='ltr'>audiatur,</span> 
     </span>
     <span class='ocr_line' id='line_1_23' title="bbox 154 1445 1401 1497; baseline 0.002 -15"><span class='ocrx_word' id='word_1_163' title='bbox 154 1451 268 1494; x_wconf 92' lang='lat' dir='ltr'>atque</span> <span class='ocrx_word' id='word_1_164' title='bbox 287 1445 370 1494; x_wconf 90' lang='lat' dir='ltr'>ipsa</span> <span class='ocrx_word' id='word_1_165' title='bbox 390 1445 572 1494; x_wconf 90' lang='lat' dir='ltr'>opinione</span> <span class='ocrx_word' id='word_1_166' title='bbox 591 1445 791 1483; x_wconf 89' lang='lat' dir='ltr'>hominum</span> <span class='ocrx_word' id='word_1_167' title='bbox 811 1446 925 1484; x_wconf 88' lang='lat' dir='ltr'>tacita</span> <span class='ocrx_word' id='word_1_168' title='bbox 950 1458 1072 1497; x_wconf 89' lang='lat' dir='ltr'>prope</span> <span class='ocrx_word' id='word_1_169' title='bbox 1093 1446 1267 1484; x_wconf 92' lang='lat' dir='ltr'>convicta</span> <span class='ocrx_word' id='word_1_170' title='bbox 1287 1453 1401 1496; x_wconf 90' lang='lat' dir='ltr'>atque</span> 
     </span>
     <span class='ocr_line' id='line_1_24' title="bbox 154 1509 1458 1562; baseline 0.002 -15"><span class='ocrx_word' id='word_1_171' title='bbox 154 1509 334 1547; x_wconf 86' lang='lat' dir='ltr'>damnata</span> <span class='ocrx_word' id='word_1_172' title='bbox 363 1510 421 1555; x_wconf 87' lang='lat' dir='ltr'>sit,</span> <span class='ocrx_word' id='word_1_173' title='bbox 441 1509 550 1548; x_wconf 88' lang='lat' dir='ltr'>facile</span> <span class='ocrx_word' id='word_1_174' title='bbox 579 1510 770 1559; x_wconf 88' lang='lat' dir='ltr'>intelligo:</span> <span class='ocrx_word' id='word_1_175' title='bbox 801 1511 880 1557; x_wconf 86' lang='lat' dir='ltr'>sed,</span> <span class='ocrx_word' id='word_1_176' title='bbox 901 1512 931 1549; x_wconf 92' lang='lat' dir='ltr'>si</span> <span class='ocrx_word' id='word_1_177' title='bbox 958 1512 1044 1562; x_wconf 91' lang='lat' dir='ltr'>quis</span> <span class='ocrx_word' id='word_1_178' title='bbox 1071 1510 1165 1548; x_wconf 91' lang='lat' dir='ltr'>mihi</span> <span class='ocrx_word' id='word_1_179' title='bbox 1193 1510 1288 1549; x_wconf 87' lang='lat' dir='ltr'>deus</span> <span class='ocrx_word' id='word_1_180' title='bbox 1316 1523 1399 1549; x_wconf 89' lang='lat' dir='ltr'>ves·</span> <span class='ocrx_word' id='word_1_181' title='bbox 1415 1527 1458 1550; x_wconf 84' lang='lat'>20</span> 
     </span>
     <span class='ocr_line' id='line_1_25' title="bbox 152 1574 1400 1621; baseline 0.002 -9"><span class='ocrx_word' id='word_1_182' title='bbox 152 1581 250 1613; x_wconf 85' lang='lat' dir='ltr'>tram</span> <span class='ocrx_word' id='word_1_183' title='bbox 269 1574 318 1612; x_wconf 91' lang='lat' dir='ltr'>ad</span> <span class='ocrx_word' id='word_1_184' title='bbox 337 1586 400 1612; x_wconf 90' lang='lat' dir='ltr'>me</span> <span class='ocrx_word' id='word_1_185' title='bbox 420 1574 654 1613; x_wconf 90' lang='lat' dir='ltr'>audiendum</span> <span class='ocrx_word' id='word_1_186' title='bbox 672 1575 977 1613; x_wconf 90' lang='lat' dir='ltr'>benevolentiam</span> <span class='ocrx_word' id='word_1_187' title='bbox 997 1575 1217 1621; x_wconf 90' lang='lat' dir='ltr'>conciliarit,</span> <span class='ocrx_word' id='word_1_188' title='bbox 1238 1576 1400 1614; x_wconf 88' lang='lat' dir='ltr'>efficiam</span> 
     </span>
     <span class='ocr_line' id='line_1_26' title="bbox 152 1639 1398 1690; baseline 0.002 -14"><span class='ocrx_word' id='word_1_189' title='bbox 152 1639 338 1690; x_wconf 82' lang='lat' dir='ltr'>profecto,</span> <span class='ocrx_word' id='word_1_190' title='bbox 358 1645 400 1676; x_wconf 91' lang='lat' dir='ltr'>ut</span> <span class='ocrx_word' id='word_1_191' title='bbox 419 1639 645 1688; x_wconf 87' lang='lat' dir='ltr'>intelligatis,</span> <span class='ocrx_word' id='word_1_192' title='bbox 665 1639 757 1677; x_wconf 92' lang='lat' dir='ltr'>nihil</span> <span class='ocrx_word' id='word_1_193' title='bbox 782 1653 868 1679; x_wconf 90' lang='lat' dir='ltr'>esse</span> <span class='ocrx_word' id='word_1_194' title='bbox 894 1640 1040 1678; x_wconf 91' lang='lat' dir='ltr'>homini</span> <span class='ocrx_word' id='word_1_195' title='bbox 1066 1646 1145 1678; x_wconf 90' lang='lat' dir='ltr'>tam</span> <span class='ocrx_word' id='word_1_196' title='bbox 1173 1641 1398 1688; x_wconf 89' lang='lat' dir='ltr'>timendum,</span> 
     </span>
     <span class='ocr_line' id='line_1_27' title="bbox 151 1703 1399 1755; baseline 0.002 -13"><span class='ocrx_word' id='word_1_197' title='bbox 151 1715 269 1754; x_wconf 89' lang='lat' dir='ltr'>quam</span> <span class='ocrx_word' id='word_1_198' title='bbox 304 1703 507 1742; x_wconf 88' lang='lat' dir='ltr'>invidiam:</span> <span class='ocrx_word' id='word_1_199' title='bbox 550 1703 640 1742; x_wconf 91' lang='lat' dir='ltr'>nihil</span> <span class='ocrx_word' id='word_1_200' title='bbox 677 1705 886 1752; x_wconf 90' lang='lat' dir='ltr'>innocenti,</span> <span class='ocrx_word' id='word_1_201' title='bbox 920 1712 1098 1755; x_wconf 89' lang='lat' dir='ltr'>suscepta</span> <span class='ocrx_word' id='word_1_202' title='bbox 1135 1706 1286 1753; x_wconf 88' lang='lat' dir='ltr'>invidia,</span> <span class='ocrx_word' id='word_1_203' title='bbox 1320 1713 1399 1745; x_wconf 91' lang='lat' dir='ltr'>tam</span> 
     </span>
     <span class='ocr_line' id='line_1_28' title="bbox 151 1766 1398 1820; baseline 0.003 -15"><span class='ocrx_word' id='word_1_204' title='bbox 151 1766 376 1818; x_wconf 88' lang='lat' dir='ltr'>optandum,</span> <span class='ocrx_word' id='word_1_205' title='bbox 410 1780 528 1818; x_wconf 91' lang='lat' dir='ltr'>quam</span> <span class='ocrx_word' id='word_1_206' title='bbox 561 1781 727 1818; x_wconf 88' lang='lat' dir='ltr'>aequum</span> <span class='ocrx_word' id='word_1_207' title='bbox 759 1771 954 1816; x_wconf 90' lang='lat' dir='ltr'>iudicium,</span> <span class='ocrx_word' id='word_1_208' title='bbox 988 1771 1095 1820; x_wconf 91' lang='lat' dir='ltr'>quod</span> <span class='ocrx_word' id='word_1_209' title='bbox 1131 1771 1171 1808; x_wconf 89' lang='lat' dir='ltr'>in</span> <span class='ocrx_word' id='word_1_210' title='bbox 1207 1771 1281 1809; x_wconf 91' lang='lat' dir='ltr'>hoc</span> <span class='ocrx_word' id='word_1_211' title='bbox 1318 1784 1398 1810; x_wconf 93' lang='lat' dir='ltr'>uno</span> 
     </span>
     <span class='ocr_line' id='line_1_29' title="bbox 151 1831 1453 1886; baseline 0.004 -17"><span class='ocrx_word' id='word_1_212' title='bbox 151 1831 318 1882; x_wconf 91' lang='lat' dir='ltr'>denique</span> <span class='ocrx_word' id='word_1_213' title='bbox 344 1833 460 1871; x_wconf 89' lang='lat' dir='ltr'>salsae</span> <span class='ocrx_word' id='word_1_214' title='bbox 486 1833 665 1872; x_wconf 88' lang='lat' dir='ltr'>infamiae</span> <span class='ocrx_word' id='word_1_215' title='bbox 691 1834 776 1873; x_wconf 88' lang='lat' dir='ltr'>finis</span> <span class='ocrx_word' id='word_1_216' title='bbox 805 1835 941 1885; x_wconf 88' lang='lat' dir='ltr'>aliquis</span> <span class='ocrx_word' id='word_1_217' title='bbox 969 1842 1083 1885; x_wconf 91' lang='lat' dir='ltr'>atque</span> <span class='ocrx_word' id='word_1_218' title='bbox 1109 1836 1233 1874; x_wconf 86' lang='lat' dir='ltr'>exitus</span> <span class='ocrx_word' id='word_1_219' title='bbox 1259 1837 1398 1886; x_wconf 90' lang='lat' dir='ltr'>reperi-</span> <span class='ocrx_word' id='word_1_220' title='bbox 1414 1852 1453 1885; x_wconf 81' lang='lat'>25</span> 
     </span>
     <span class='ocr_line' id='line_1_30' title="bbox 151 1896 1398 1951; baseline 0.004 -17"><span class='ocrx_word' id='word_1_221' title='bbox 151 1903 245 1935; x_wconf 91' lang='lat' dir='ltr'>atur.</span> <span class='ocrx_word' id='word_1_222' title='bbox 307 1896 571 1944; x_wconf 89' lang='lat' dir='ltr'>Quamobrem</span> <span class='ocrx_word' id='word_1_223' title='bbox 603 1911 747 1949; x_wconf 88' lang='lat' dir='ltr'>magna</span> <span class='ocrx_word' id='word_1_224' title='bbox 779 1912 841 1938; x_wconf 92' lang='lat' dir='ltr'>me</span> <span class='ocrx_word' id='word_1_225' title='bbox 874 1913 963 1950; x_wconf 91' lang='lat' dir='ltr'>spes</span> <span class='ocrx_word' id='word_1_226' title='bbox 995 1907 1110 1947; x_wconf 88' lang='lat' dir='ltr'>tenet,</span> <span class='ocrx_word' id='word_1_227' title='bbox 1144 1901 1175 1939; x_wconf 91' lang='lat' dir='ltr'>si</span> <span class='ocrx_word' id='word_1_228' title='bbox 1209 1913 1265 1947; x_wconf 91' lang='lat' dir='ltr'>ea,</span> <span class='ocrx_word' id='word_1_229' title='bbox 1299 1913 1398 1951; x_wconf 90' lang='lat' dir='ltr'>quae</span> 
     </span>
     <span class='ocr_line' id='line_1_31' title="bbox 151 1962 1398 2017; baseline 0.005 -19"><span class='ocrx_word' id='word_1_230' title='bbox 151 1967 241 1999; x_wconf 79' lang='lat' dir='ltr'>sunt</span> <span class='ocrx_word' id='word_1_231' title='bbox 267 1962 308 1999; x_wconf 91' lang='lat' dir='ltr'>in</span> <span class='ocrx_word' id='word_1_232' title='bbox 336 1974 462 2009; x_wconf 88' lang='lat' dir='ltr'>causa,</span> <span class='ocrx_word' id='word_1_233' title='bbox 488 1963 688 2013; x_wconf 84' lang='lat' dir='ltr'>explicare,</span> <span class='ocrx_word' id='word_1_234' title='bbox 715 1972 829 2015; x_wconf 84' lang='lat' dir='ltr'>atque</span> <span class='ocrx_word' id='word_1_235' title='bbox 858 1966 989 2005; x_wconf 87' lang='lat' dir='ltr'>omnia</span> <span class='ocrx_word' id='word_1_236' title='bbox 1017 1965 1184 2004; x_wconf 90' lang='lat' dir='ltr'>dicendo</span> <span class='ocrx_word' id='word_1_237' title='bbox 1212 1967 1398 2017; x_wconf 89' lang='lat' dir='ltr'>consequi</span> 
     </span>
     <span class='ocr_line' id='line_1_32' title="bbox 151 2026 1397 2082; baseline 0.005 -18"><span class='ocrx_word' id='word_1_238' title='bbox 151 2033 323 2075; x_wconf 89' lang='lat' dir='ltr'>potuero,</span> <span class='ocrx_word' id='word_1_239' title='bbox 355 2026 458 2066; x_wconf 88' lang='lat' dir='ltr'>hunc</span> <span class='ocrx_word' id='word_1_240' title='bbox 490 2027 619 2067; x_wconf 88' lang='lat' dir='ltr'>locum</span> <span class='ocrx_word' id='word_1_241' title='bbox 652 2041 955 2080; x_wconf 89' lang='lat' dir='ltr'>consessumque</span> <span class='ocrx_word' id='word_1_242' title='bbox 987 2038 1165 2078; x_wconf 88' lang='lat' dir='ltr'>vestrum,</span> <span class='ocrx_word' id='word_1_243' title='bbox 1197 2044 1313 2082; x_wconf 88' lang='lat' dir='ltr'>quem</span> <span class='ocrx_word' id='word_1_244' title='bbox 1346 2031 1397 2069; x_wconf 93' lang='lat' dir='ltr'>illi</span> 
     </span>
     <span class='ocr_line' id='line_1_33' title="bbox 151 2089 1396 2148; baseline 0.007 -21"><span class='ocrx_word' id='word_1_245' title='bbox 151 2089 371 2129; x_wconf 87' lang='lat' dir='ltr'>horribilem</span> <span class='ocrx_word' id='word_1_246' title='bbox 389 2092 436 2130; x_wconf 89' lang='lat' dir='ltr'>A.</span> <span class='ocrx_word' id='word_1_247' title='bbox 458 2092 634 2132; x_wconf 87' lang='lat' dir='ltr'>Cluentio</span> <span class='ocrx_word' id='word_1_248' title='bbox 661 2106 705 2133; x_wconf 90' lang='lat' dir='ltr'>ac</span> <span class='ocrx_word' id='word_1_249' title='bbox 731 2094 1024 2135; x_wconf 88' lang='lat' dir='ltr'>formidolosum</span> <span class='ocrx_word' id='word_1_250' title='bbox 1051 2097 1134 2137; x_wconf 84' lang='lat' dir='ltr'>sore</span> <span class='ocrx_word' id='word_1_251' title='bbox 1158 2103 1396 2148; x_wconf 86' lang='lat' dir='ltr'>putaverunt,</span> 
     </span>
     <span class='ocr_line' id='line_1_34' title="bbox 152 2157 1457 2213; baseline 0.008 -20"><span class='ocrx_word' id='word_1_252' title='bbox 152 2166 241 2193; x_wconf 87' lang='lat' dir='ltr'>eum</span> <span class='ocrx_word' id='word_1_253' title='bbox 272 2157 428 2195; x_wconf 85' lang='lat' dir='ltr'>tandem</span> <span class='ocrx_word' id='word_1_254' title='bbox 459 2158 541 2196; x_wconf 89' lang='lat' dir='ltr'>eius</span> <span class='ocrx_word' id='word_1_255' title='bbox 573 2158 748 2198; x_wconf 87' lang='lat' dir='ltr'>fortunae</span> <span class='ocrx_word' id='word_1_256' title='bbox 782 2161 941 2200; x_wconf 89' lang='lat' dir='ltr'>miserae</span> <span class='ocrx_word' id='word_1_257' title='bbox 971 2163 1208 2213; x_wconf 87' lang='lat' dir='ltr'>multumque</span> <span class='ocrx_word' id='word_1_258' title='bbox 1236 2165 1396 2203; x_wconf 86' lang='lat' dir='ltr'>iactatae</span> <span class='ocrx_word' id='word_1_259' title='bbox 1410 2181 1457 2212; x_wconf 84' lang='lat'>30</span> 
     </span>
     <span class='ocr_line' id='line_1_35' title="bbox 152 2223 1397 2278; baseline 0.009 -21"><span class='ocrx_word' id='word_1_260' title='bbox 152 2226 305 2270; x_wconf 86' lang='lat' dir='ltr'>portum</span> <span class='ocrx_word' id='word_1_261' title='bbox 325 2233 370 2260; x_wconf 84' lang='lat' dir='ltr'>ac</span> <span class='ocrx_word' id='word_1_262' title='bbox 389 2223 605 2273; x_wconf 86' lang='lat' dir='ltr'>perfugium</span> <span class='ocrx_word' id='word_1_263' title='bbox 621 2224 799 2263; x_wconf 88' lang='lat' dir='ltr'>futurum.</span> <span class='ocrx_word' id='word_1_264' title='bbox 848 2229 882 2264; x_wconf 88' lang='lat'>8.</span> <span class='ocrx_word' id='word_1_265' title='bbox 901 2226 1077 2266; x_wconf 84' lang='lat' dir='ltr'>Tametsi</span> <span class='ocrx_word' id='word_1_266' title='bbox 1090 2230 1277 2278; x_wconf 87' lang='lat' dir='ltr'>permulta</span> <span class='ocrx_word' id='word_1_267' title='bbox 1297 2237 1397 2278; x_wconf 84' lang='lat' dir='ltr'>sunt,</span> 
     </span>
     <span class='ocr_line' id='line_1_36' title="bbox 152 2285 1397 2340; baseline 0.008 -17"><span class='ocrx_word' id='word_1_268' title='bbox 152 2296 252 2335; x_wconf 88' lang='lat' dir='ltr'>quae</span> <span class='ocrx_word' id='word_1_269' title='bbox 281 2285 387 2335; x_wconf 85' lang='lat' dir='ltr'>mihi,</span> <span class='ocrx_word' id='word_1_270' title='bbox 415 2294 620 2340; x_wconf 83' lang='lat' dir='ltr'>antequam</span> <span class='ocrx_word' id='word_1_271' title='bbox 649 2289 697 2328; x_wconf 89' lang='lat' dir='ltr'>de</span> <span class='ocrx_word' id='word_1_272' title='bbox 729 2302 846 2330; x_wconf 85' lang='lat' dir='ltr'>causa</span> <span class='ocrx_word' id='word_1_273' title='bbox 875 2291 1013 2339; x_wconf 88' lang='lat' dir='ltr'>dicam,</span> <span class='ocrx_word' id='word_1_274' title='bbox 1044 2293 1091 2332; x_wconf 91' lang='lat' dir='ltr'>de</span> <span class='ocrx_word' id='word_1_275' title='bbox 1125 2295 1397 2335; x_wconf 87' lang='lat' dir='ltr'>communibus</span> 
     </span>
    </p>
   </div>
  </div>
 </body>
</html>
