1650 2554
252 134 310 177 92
585 133 636 166 M.
663 133 819 165 TULLII
849 133 1108 165 CICERONIS·
1294 145 1345 170 oe.
1361 138 1422 178 20,
1439 136 1502 169 80.

254 249 340 276 esse
381 239 431 276 ab
473 250 522 277 eo
565 239 782 289 pecuniam,
802 244 805 245 ’
828 251 946 290 quam
989 251 1063 289 pro
1102 241 1168 278 reo
1209 241 1503 290 pronuntiasset,

253 303 320 352 qui
348 310 458 341 erant
486 304 526 341 in
556 305 758 352 concione,
793 316 873 342 non
905 304 1176 354 intelligebant.
1233 304 1372 356 Neque
1401 307 1506 344 enim

255 367 503 407 docebantur.
559 369 765 407 Versatam
792 382 875 408 esse
903 370 943 407 in
967 370 1108 408 iudicio
1131 371 1365 409 mentionem
1388 382 1505 421 pecu-

253 433 340 470 niae
379 434 615 472 sentiebant:
659 435 907 473 innocentem
944 447 1053 473 reum
1086 435 1387 474 condemnatum
1420 447 1506 475 esse

218 512 237 545 5
254 498 484 537 audiebant:
534 498 678 537 Staieni
723 500 914 538 sententia
957 501 1260 539 condemnatum
1303 501 1504 540 videbant:

249 575 335 602 non
360 565 477 615 gratis
498 565 538 603 id
563 566 612 603 ab
638 577 685 603 eo
712 565 858 604 factum
881 577 978 612 esse,
1006 566 1112 615 quod
1135 566 1333 604 hominem
1354 572 1504 614 norant,

252 629 483 668 iudicabant.
543 630 683 669 Similis
709 631 749 668 in
776 630 913 673 Bulbo,
934 631 973 668 in
994 630 1123 677 Gutta,
1143 631 1183 669 in
1206 631 1286 673 aliis
1313 631 1506 670 nonnullis

253 695 422 745 suspicio
438 696 682 734 consistebat.
733 704 794 745 79.
825 695 960 745 Itaque
981 696 1166 734 confiteor
1187 697 1288 747 (licet
1308 697 1411 736 enim
1429 698 1506 735 iam

254 761 424 811 impune,
445 761 521 799 hoc
539 761 762 811 praesertim
778 762 817 798 in
836 761 936 807 loco,
951 761 1154 813 confiteri),
1174 763 1281 811 quod
1301 761 1506 814 Oppianici

199 842 238 864 10
254 838 334 864 non
346 826 466 864 modo
485 827 571 873 vita,
585 827 654 865 sed
673 827 788 864 etiam
803 838 949 864 nomen
968 834 1056 864 ante
1075 827 1166 865 illud
1186 835 1339 878 tempus
1358 827 1504 878 populo

254 891 431 946 ignotum
457 891 615 930 fuisset:
645 891 956 941 indignissimum
982 903 1100 942 porro
1119 892 1318 940 videretur,
1344 893 1505 931 circum-

252 964 408 995 ventum
434 969 518 996 esse
545 958 791 995 innocentem
817 957 1006 1007 pecunia:
1035 957 1135 996 hanc
1161 958 1300 996 deinde
1320 958 1505 1008 suspicio-

252 1035 344 1061 nem
381 1030 538 1073 augeret
577 1023 719 1061 Staieni
757 1023 992 1073 improbitas,
1032 1029 1071 1061 et
1107 1024 1382 1062 nonnullorum
1423 1025 1505 1063 eius

254 1088 433 1126 similium
466 1089 635 1127 iudicum
667 1088 890 1139 turpitudo:
934 1100 1091 1126 causam
1129 1095 1257 1127 autem
1296 1095 1426 1138 ageret
1458 1088 1503 1127 L.

200 1169 236 1200 15
255 1152 448 1201 Quintius,
478 1154 598 1192 homo
631 1166 750 1204 quum
782 1165 934 1191 summa
963 1160 1153 1203 potestate
1183 1155 1390 1204 praeditus,
1423 1159 1506 1192 tum

253 1219 303 1257 ad
340 1218 638 1257 inflammandos
681 1219 831 1257 animos
872 1218 1122 1257 multitudinis
1166 1219 1503 1258 accommodatus:

252 1296 447 1323 summam
462 1285 513 1322 illi
533 1284 676 1323 iudicio
692 1284 873 1322 invidiam
885 1283 1161 1333 infamiamque
1180 1292 1266 1322 esse
1285 1284 1503 1323 conflatam.

254 1350 384 1400 Atque
416 1350 456 1388 in
488 1349 587 1388 hanc
620 1349 820 1387 flammam
852 1355 1046 1387 recentem
1076 1348 1120 1387 C.
1152 1349 1316 1396 Iunium,
1350 1350 1416 1399 qui
1453 1349 1506 1388 illi

253 1415 468 1467 quaestioni
506 1415 729 1465 praefuerat,
770 1415 954 1453 iniectum
991 1426 1077 1452 esse
1119 1414 1288 1462 memini,
1327 1420 1365 1453 et
1400 1415 1506 1453 illum

199 1497 238 1520 20
253 1481 451 1519 hominem
466 1480 691 1526 aedilicium,
706 1481 782 1518 iam
801 1485 1018 1530 praetorem
1033 1479 1282 1529 opinionibus
1301 1479 1505 1518 hominum

254 1547 513 1593 constitutum,
542 1558 624 1584 non
652 1546 929 1595 disceptatione
957 1545 1122 1591 dicendi,
1153 1545 1222 1583 sed
1247 1545 1425 1592 clamore,
1456 1546 1504 1584 de

252 1611 337 1651 foro
357 1618 471 1660 atque
490 1611 589 1649 adeo
609 1610 656 1649 de
676 1611 825 1648 civitate
844 1622 928 1648 esse
949 1610 1152 1648 sublatum.

309 1678 371 1714 80.
401 1675 538 1725 Neque
558 1687 620 1713 me
640 1675 810 1725 poenitet
829 1674 905 1713 hoc
925 1675 1053 1724 potius
1083 1682 1268 1726 tempore,
1290 1687 1408 1725 quam
1427 1675 1503 1722 illo,

253 1753 410 1781 causam
425 1740 473 1779 A.
489 1739 655 1778 Cluentii
673 1740 890 1778 defendere.
938 1739 1066 1778 Causa
1083 1740 1186 1777 enim
1206 1747 1336 1779 manet
1355 1740 1504 1787 eadem,

200 1824 238 1856 25
256 1820 354 1858 quae
373 1806 510 1844 mutari
533 1806 636 1844 nullo
656 1805 776 1844 modo
802 1811 948 1855 potest:
977 1806 1162 1854 temporis
1186 1805 1364 1856 iniquitas
1389 1813 1504 1856 atque

255 1873 394 1912 invidia
413 1872 579 1918 recessit,
600 1877 651 1918 ut,
673 1871 779 1922 quod
798 1871 838 1908 in
857 1877 1030 1921 tempore
1053 1870 1144 1908 mali
1163 1870 1243 1917 fuit,
1263 1871 1356 1909 nihil
1374 1872 1476 1910 obsit
1494 1884 1503 1909 :
1527 1884 1529 1886 ’

252 1939 361 1991 Υ(Ῑιιοά
389 1939 429 1976 in
458 1949 575 1976 causa
602 1937 695 1975 boni
724 1937 804 1984 fuit,
833 1937 966 1988 prosit.
1021 1936 1158 1986 Itaque
1187 1949 1290 1975 nune
1318 1937 1504 1986 quemad-

254 2005 416 2044 modum
435 2003 577 2049 audiar,
599 2003 733 2049 sentio,
755 2014 836 2040 non
854 2002 974 2040 modo
993 2002 1043 2039 ab
1061 2001 1117 2048 iis,
1138 2013 1303 2050 quorum
1322 2001 1505 2039 iudicium

256 2078 372 2122 atque
397 2073 566 2120 potestas
595 2074 662 2115 est,
691 2068 759 2106 sed
784 2068 899 2106 etiam
920 2068 969 2105 ab
994 2067 1075 2113 illis,
1100 2078 1264 2116 quorum
1278 2073 1428 2105 tantum
1447 2073 1506 2106 est

203 2152 243 2184 30
258 2134 497 2175 existimatio.
568 2132 620 2170 At
638 2140 720 2171 tum
744 2133 776 2171 si
796 2133 973 2179 dicerem,
994 2144 1074 2169 non
1100 2131 1268 2169 audirer:
1298 2143 1380 2169 non
1399 2132 1506 2182 quod

258 2201 331 2240 alia
350 2212 410 2238 res
429 2203 529 2237 esset
550 2196 686 2248 (immo
714 2196 879 2250 eadem),
901 2197 969 2236 sed
988 2203 1140 2247 tempus
1160 2196 1273 2235 aliud.
1339 2195 1388 2235 Id
1407 2196 1505 2236 adeo

256 2268 313 2307 sic
333 2265 567 2317 cognoscite.
