1650 2554
132 132 393 201 ‚naqa-180.
454 158 630 191 ORATIO
659 159 755 190 PRO
783 158 830 189 A.
861 158 1108 191 cLUENTIO.
1319 159 1400 206 135

153 276 270 314 quam
291 265 404 311 venit,
424 277 523 314 quae
546 277 570 303 a
592 264 770 303 Stratone
795 264 858 303 illo
881 276 1071 303 venenum
1095 270 1207 302 antea
1225 263 1307 302 viro
1329 277 1398 303 suo

153 329 284 367 datum
302 330 372 367 sibi
394 341 619 379 persuasum
643 342 728 368 esse
754 329 978 376 simulasset,
998 330 1222 367 instructam
1245 330 1279 368 ei
1303 342 1397 367 con-

151 394 259 432 tinuo
295 400 332 432 et
368 401 542 432 ornatam
578 393 708 432 Larini
749 394 962 432 medicinae
1006 393 1243 432 exercendae
1281 406 1398 432 causa

153 460 349 498 tabernam
371 459 484 497 dedit.

208 528 279 562 64.
322 523 465 573 Unum,
485 524 655 569 alterum,
676 524 827 562 tertium
850 536 994 563 annum
1017 525 1144 563 Sassia
1167 525 1398 575 quiescebat,
1417 537 1433 570 5

152 596 194 627 ut
211 589 305 627 velle
325 595 436 639 atque
457 597 590 639 optare
610 589 753 639 aliquid
771 590 997 628 calamitatis
1016 590 1093 628 filio
1117 591 1256 641 potius,
1278 603 1395 640 quam

153 654 192 692 id
220 660 362 692 struere
390 661 427 691 et
453 655 577 692 moliri
605 655 804 692 videretur.
864 664 949 704 179.
980 655 1084 694 Tum
1113 656 1264 694 interim
1293 655 1398 694 Hor-

152 719 288 764 tensio,
310 718 359 765 Q.
381 719 536 757 Metello
563 719 797 766 consulibus,
820 725 862 757 ut
886 719 990 758 hune
1011 720 1270 770 Oppianicum
1296 721 1398 758 aliud

153 790 344 834 agentem,
364 796 409 822 ac
430 784 522 822 nihil
545 784 733 822 eiusmodi
762 785 1007 834 cogitantem,
1034 785 1084 823 ad
1112 785 1213 824 hanc
1242 798 1399 824 accusa-

152 850 297 887 tionem
323 849 541 895 detraheret,
561 850 678 888 invito
706 850 911 899 despondit
938 851 972 888 ei
1000 851 1114 888 filiam
1140 863 1261 896 suam,
1282 851 1396 897 illam,
1418 867 1456 889 10

153 927 270 965 quam
302 927 349 952 ex
388 927 528 964 genero
563 921 793 964 susceperat,
826 921 868 953 ut
901 928 990 953 eum
1029 916 1170 966 nuptiis
1203 916 1398 966 alligatum

153 980 276 1026 simul,
310 986 347 1017 et
384 981 597 1017 testamenti
634 992 702 1029 spe
741 980 971 1026 devinctum,
1010 988 1142 1030 posset
1179 981 1321 1019 habere
1359 982 1399 1019 in

153 1051 349 1095 potestate.
407 1044 497 1084 Hoc
531 1045 617 1095 ipso
649 1045 728 1082 fere
760 1050 935 1094 tempore
970 1045 1095 1084 Strato
1129 1045 1190 1084 ille
1225 1046 1398 1084 medicus

154 1110 259 1148 dorni
289 1110 425 1147 furtum
456 1110 545 1148 fecit
574 1116 612 1147 et
641 1109 800 1147 caedem
830 1111 1042 1149 eiusmodi:
1078 1123 1198 1161 quum
1230 1118 1332 1149 esset
1358 1112 1398 1148 in

154 1175 311 1213 aedibus
341 1175 556 1221 armarium,
590 1175 630 1212 in
663 1186 741 1225 quo
780 1176 892 1213 sciret
928 1187 1014 1213 esse
1050 1187 1298 1214 nummorum
1331 1177 1397 1214 ali·
1417 1192 1453 1223 15

154 1246 337 1290 quantum
357 1247 393 1278 et
412 1241 503 1284 auri,
521 1246 638 1278 noctu
658 1240 755 1278 duos
775 1252 983 1279 conservos
1005 1241 1239 1279 dormientes
1258 1241 1399 1280 occidit

155 1306 194 1342 in
215 1305 477 1354 piscinamque
501 1305 659 1342 deiecit:
690 1305 772 1353 ipse
799 1306 949 1343 armarii
973 1305 1134 1343 fundum
1158 1307 1338 1351 exsecuit,
1363 1313 1401 1344 et

155 1368 272 1408 Ils**
307 1376 342 1407 et
379 1370 458 1407 auri
495 1370 663 1419 quinque
702 1370 836 1419 pondo
870 1370 1035 1416 abstulit,
1070 1383 1150 1408 uno
1184 1383 1232 1409 ex
1270 1372 1400 1417 servis,

156 1447 275 1484 puero
295 1446 374 1472 non
394 1435 539 1483 grandi,
560 1435 729 1473 conscio.
781 1437 866 1473 180.
889 1435 1008 1473 Furto
1027 1436 1210 1485 postridie
1230 1437 1400 1485 cognito,

156 1500 284 1537 omnis
301 1499 468 1549 suspicio
489 1500 527 1537 in
546 1511 614 1538 eos
634 1511 774 1545 servos,
795 1500 860 1550 qui
883 1512 964 1538 non
983 1501 1271 1550 comparebant,
1293 1513 1399 1539 com·
1418 1518 1457 1540 20

157 1565 389 1602 movebatur.
445 1563 577 1610 Quum
602 1564 771 1602 exsectio
798 1564 859 1602 illa
884 1564 992 1603 fundi
1019 1565 1059 1602 in
1088 1566 1251 1604 armario
1278 1567 1401 1604 anim-

157 1628 419 1673 adverteretur,
459 1629 692 1677 quaerebant
724 1628 914 1674 homines,
952 1641 1123 1678 quonam
1161 1630 1281 1668 modo
1321 1631 1401 1670 fieri

156 1692 350 1743 potuisset.
407 1692 577 1739 Quidam
605 1705 653 1731 ex
681 1694 814 1732 amicis
838 1693 988 1733 Sassiae
1017 1695 1238 1734 recordatus
1266 1701 1335 1743 est,
1359 1709 1400 1734 se

157 1769 277 1807 nuper
305 1758 344 1795 in
373 1759 550 1796 auctione
578 1758 745 1808 quadam
773 1759 924 1806 vidisse,
947 1760 987 1796 in
1010 1760 1124 1798 rebus
1147 1761 1313 1807 minutis,
1334 1761 1401 1799 ad-

157 1834 295 1861 uncam
332 1834 379 1859 ex
415 1823 522 1860 omni
565 1830 670 1873 parte
708 1823 901 1861 dentatam
944 1830 982 1862 et
1022 1831 1237 1863 tortuosam
1273 1827 1401 1865 venire

158 1888 349 1934 serrulam,
381 1900 457 1938 qua
488 1888 580 1926 illud
614 1890 785 1939 potuisse
818 1890 869 1927 ita
902 1890 1168 1929 circumsecari
1200 1891 1400 1931 videretur.

158 1952 218 1991 Ne
237 1953 377 1991 multa:
405 1954 633 2003 perquiritur
651 1966 675 1992 a
693 1954 933 1992 coactoribus
950 1968 958 1991 :
988 1955 1176 1993 invenitur
1195 1969 1240 1994 ea
1259 1958 1403 1996 serrula

159 2017 207 2055 ad
227 2017 443 2055 Stratonem
468 2019 699 2067 pervenisse.
757 2018 848 2057 Hoc
870 2020 977 2057 initio
999 2021 1226 2070 suspicionis
1246 2029 1342 2067 orto,
1364 2029 1402 2060 et

160 2087 285 2131 aperte
313 2082 530 2120 insimulato
556 2082 742 2129 Stratone,
766 2095 862 2132 puer
889 2083 950 2121 ille
978 2085 1156 2124 conscius
1184 2087 1399 2136 pertimuit:

161 2156 240 2183 rem
268 2157 423 2184 omnem
452 2147 631 2185 dominae
660 2147 860 2186 indicavit:
892 2148 1070 2187 homines
1099 2150 1137 2187 in
1166 2151 1315 2200 piscina
1343 2153 1399 2190 in·
1415 2170 1458 2199 30

160 2209 262 2247 venti
289 2217 396 2248 sunt:
426 2210 550 2249 Strato
575 2212 614 2249 in
640 2212 790 2250 vincula
814 2213 1011 2252 coniectus
1037 2220 1116 2253 est:
1146 2221 1260 2264 atque
1286 2217 1400 2255 etiam

162 2274 201 2313 in
227 2274 382 2314 taberna
408 2275 489 2316 eius
516 2278 674 2323 nummi,
704 2289 949 2329 nequaquam
976 2291 1125 2327 omneS,
1153 2281 1400 2331 reperiuntur.
