1650 2554
230 133 311 176 126
597 143 647 175 M.
682 143 841 176 TULLII
870 145 1119 177 CICERONIS
1263 155 1315 180 00.
1334 147 1396 185 57,
1415 147 1479 187 ⁵8·

229 249 321 288 illud
350 260 466 300 quam
496 248 545 287 sit
573 249 747 299 iniquum
778 250 1006 299 cogitemus,
1037 251 1225 301 populum
1255 251 1480 290 Romanum

230 314 332 353 aliud
357 327 458 352 nunc
485 326 624 364 agere:
657 315 766 353 vobis
795 327 877 353 rem
905 315 1101 366 publicam
1128 323 1166 355 et
1192 317 1365 356 fortunas
1391 329 1481 356 suas

231 381 490 420 commisisse:
519 381 647 430 ipsum
667 381 749 419 sine
769 393 860 419 cura
879 393 986 419 esse:
1016 394 1096 420 non
1119 389 1300 430 metuere,
1321 395 1370 422 ne
1395 383 1481 434 lege

230 459 287 492 ea,
316 459 433 497 quam
462 458 675 495 numquam
703 447 785 496 ipse
814 447 974 493 iusserit,
1002 453 1040 485 et
1069 448 1306 498 quaestione,
1335 460 1412 499 qua
1439 460 1480 486 se

194 528 213 560 5
230 512 398 551 solutum
426 512 665 562 liberumque
704 524 788 550 esse
819 512 1028 560 arbitretur,
1058 526 1127 563 per
1157 526 1303 564 paucos
1336 514 1481 552 iudices

230 577 496 627 adstringatur.
559 579 643 626 156.
674 577 766 627 Agit
785 579 888 616 enim
910 578 964 616 sic
984 591 1139 617 causam
1159 579 1206 617 T.
1229 579 1366 626 Attius,
1387 579 1481 617 ado-

229 643 380 681 lescens
412 644 540 682 bonus
574 650 611 682 et
645 643 829 682 disertus:
870 656 1007 682 omnes
1040 645 1142 682 cives
1179 644 1328 695 legibus
1361 644 1483 683 teneri

231 709 431 747 omnibus:
470 721 538 747 vos
572 709 765 747 attenditis
799 716 837 747 et
869 710 1005 748 auditis
1038 710 1200 756 silentio,
1233 710 1328 748 sicut
1357 709 1482 748 facere

231 774 386 812 debetis.
443 774 492 813 A.
514 774 725 818 Cluentius,
747 787 865 825 eques
892 774 1107 822 Romanus,
1137 787 1295 813 causam
1322 775 1412 813 dicit
1436 786 1484 814 ea

179 856 217 878 10
232 840 328 890 lege,
349 852 426 890 qua
444 839 529 889 lege
550 846 759 888 senatores,
778 847 815 878 et
835 841 870 886 ii,
887 841 952 890 qui
972 840 1237 890 magistratum
1257 839 1482 887 habuerunt,

231 905 302 944 soli
338 911 535 943 tenentur:
574 905 668 943 mihi
701 918 769 956 per
797 918 887 944 eum
914 918 1092 944 recusare
1130 912 1167 945 et
1199 907 1239 944 in
1267 918 1354 945 arce
1386 907 1482 957 legis

230 971 418 1021 praesidia
455 971 685 1009 constituere
724 971 959 1009 defensionis
999 983 1120 1017 meae,
1157 983 1239 1009 non
1276 971 1374 1010 licet.
1443 971 1484 1010 Si

231 1037 436 1075 obtinuerit
465 1048 621 1075 causam
648 1035 848 1074 Cluentius
878 1036 1005 1084 (sicuti
1034 1043 1158 1074 vestra
1186 1029 1375 1086 aequitate
1403 1037 1483 1076 nixi

232 1102 492 1150 confidimus),
513 1114 652 1140 omnes
677 1102 958 1147 existimabunt,
978 1102 1018 1140 id
1037 1101 1144 1151 quod
1170 1102 1251 1143 erit,
1272 1103 1482 1142 obtinuisse

180 1185 217 1215 15
234 1174 391 1218 propter
418 1167 692 1209 innocentiam,
721 1167 904 1217 quoniam
933 1167 986 1204 ita
1013 1166 1194 1205 defensus
1225 1167 1294 1206 sit:
1330 1167 1371 1205 in
1397 1168 1484 1218 lege

234 1239 374 1279 autem,
414 1244 531 1282 quam
569 1233 755 1282 attingere
793 1232 968 1278 noluerit,
1006 1231 1186 1281 praesidii
1226 1232 1319 1270 nihil
1355 1232 1485 1273 fuisse.

239 1308 325 1347 157.
355 1297 432 1336 Hic
461 1310 565 1336 nunc
593 1304 651 1337 est
679 1298 875 1348 quiddam,
905 1297 1012 1348 quod
1040 1298 1089 1336 ad
1117 1310 1181 1336 me
1209 1299 1407 1347 pertineat,
1436 1298 1484 1338 de

235 1376 313 1415 quo
340 1370 428 1402 ante
457 1363 545 1411 dixi,
573 1363 680 1413 quod
708 1376 782 1413 ego
812 1363 958 1414 populo
987 1363 1170 1402 Romano
1198 1369 1390 1413 praestare
1417 1363 1484 1402 de-

234 1431 358 1476 beam,
387 1429 572 1479 quoniam
598 1429 630 1467 is
657 1441 768 1467 meae
797 1430 894 1467 vitae
925 1435 1044 1467 status
1070 1435 1140 1476 est,
1166 1434 1208 1467 ut
1236 1429 1363 1467 omnis
1391 1429 1487 1468 mihi

182 1512 219 1534 20
235 1507 325 1534 cura
350 1501 463 1545 atque
492 1506 612 1544 opera
640 1495 765 1544 posita
790 1495 837 1533 sit
863 1495 902 1532 in
928 1494 1131 1533 hominum
1156 1493 1332 1544 periculis
1352 1489 1486 1533 defen-

235 1561 382 1599 dendis.
445 1559 584 1606 Video,
624 1567 768 1610 quanta
804 1567 842 1598 et
880 1572 997 1610 quam
1037 1560 1253 1610 periculosa
1294 1566 1333 1598 et
1367 1572 1485 1610 quam

233 1627 380 1664 infinita
414 1626 587 1676 quaestio
625 1632 788 1664 tentetur
820 1627 869 1664 ab
907 1627 1205 1672 accusatoribus,
1239 1638 1361 1676 quum
1397 1638 1487 1665 eam

234 1693 371 1742 legem,
392 1704 491 1741 quae
514 1692 555 1728 in
583 1698 758 1729 nostrum
784 1692 960 1730 ordinem
987 1691 1128 1741 scripta
1155 1692 1212 1738 sit,
1233 1691 1272 1729 in
1298 1691 1485 1741 populum

236 1757 458 1795 Romanum
491 1756 694 1795 transferre
733 1762 930 1795 conentur.
990 1755 1081 1803 Qua
1116 1757 1155 1795 in
1192 1756 1277 1806 lege
1315 1763 1384 1803 est,
1417 1768 1485 1801 QUI

181 1841 218 1874 25
239 1835 418 1863 comRrr:
458 1822 565 1872 quod
594 1834 711 1872 quam
743 1822 817 1861 late
851 1828 990 1872 pateat,
1024 1821 1158 1859 videtis
1171 1833 1181 1868 ;
1221 1833 1484 1861 convuumwr:

235 1900 355 1939 aeque
381 1887 573 1925 infinitum
599 1894 636 1925 et
661 1887 849 1926 incertum
872 1891 950 1934 est;
984 1898 1260 1925 CONSENSEm‘r:
1293 1886 1369 1925 hoc
1393 1898 1484 1926 vero

236 1966 355 2005 quum
383 1954 571 1991 incertum
598 1959 635 1991 et
662 1952 864 1998 infinitum,
886 1959 967 1990 tum
993 1953 1200 1990 obscurum
1225 1957 1263 1990 et
1289 1952 1486 1991 occultum

236 2026 313 2067 est;
361 2030 564 2057 FALSUMVE
610 2029 877 2056 TESTIMONIUM
922 2029 1104 2055 mxssm‘r:
1151 2016 1235 2066 quis
1277 2016 1326 2055 de
1372 2017 1486 2067 plebe

239 2086 420 2124 Romana
448 2084 711 2122 testimonium
740 2083 833 2122 dixit
861 2095 1057 2133 umquam,
1086 2082 1147 2120 cui
1175 2093 1255 2119 non
1283 2081 1359 2121 hoc
1386 2084 1487 2133 peri-

181 2170 224 2200 30
239 2153 378 2197 culum,
410 2149 459 2188 T.
489 2150 595 2188 Attio
625 2157 791 2197 auctore,
820 2155 996 2200 paratum
1027 2160 1112 2187 esse
1141 2147 1327 2186 videatis?
1383 2147 1487 2187 Nam

239 2219 428 2257 dicturum
457 2216 612 2267 quidem
642 2221 754 2262 certe,
779 2215 809 2253 si
837 2215 914 2253 hoc
942 2213 1123 2252 iudicium
1151 2213 1255 2262 plebi
1283 2212 1487 2254 Romanae

237 2283 479 2336 propositum
505 2282 562 2328 sit,
590 2281 786 2320 neminem
810 2291 996 2332 umquam
1024 2290 1108 2318 esse
1138 2277 1337 2318 confirmo.
1397 2281 1484 2336 1⁴58.
