1650 2554
234 144 312 187 108
596 156 648 189 M.
674 155 831 188 TULLII
859 157 1110 188 CICERONIS
1273 166 1325 190 00.
1344 158 1407 194 42,
1426 158 1486 190 4&

236 259 403 310 periculi,
431 267 513 299 tum
546 267 759 300 ceterorum
790 274 946 313 quoque
984 263 1198 301 officiorum
1228 268 1270 301 et
1307 261 1489 300 amicitia·

236 338 321 363 rum
358 327 455 364 ratio
493 334 718 365 conservata
755 340 839 365 esse
876 328 1059 366 videatur.
1130 327 1235 365 Nam
1270 326 1364 365 mihi
1401 338 1491 365 cum

237 391 324 429 viris
363 391 534 438 fortibus,
566 392 631 442 qui
669 405 849 431 censores
886 393 1063 443 proxime
1100 393 1264 439 fuerunt,
1299 391 1492 431 ambobus

239 463 296 495 est
323 457 507 494 amicitia:
539 469 628 495 curn
657 457 775 495 altero
804 470 894 496 vero
916 457 1042 510 (sicuti
1071 465 1108 496 et
1134 458 1304 508 plerique
1323 463 1492 495 vestrum

203 522 376 570 5sciunt)
405 533 572 572 magnus
609 534 701 560 usus
730 530 767 560 et
806 535 958 561 summa
994 524 1190 573 utriusque
1228 523 1363 561 officiis
1401 533 1494 560 con·

240 588 367 626 stituta
403 587 646 626 necessitudo
685 595 751 626 est.
816 590 901 626 118.
931 588 1074 636 Quare,
1104 588 1292 639 quidquid
1329 587 1377 626 de
1405 587 1494 625 sub-

241 653 510 703 scriptionibus
530 664 663 691 eorum
693 653 786 691 mihi
807 654 1015 692 dicendum
1035 654 1114 697 erit,
1136 666 1184 693 eo
1204 654 1331 692 dicam
1351 652 1494 698 animo,

243 725 286 757 ut
305 731 463 757 omnem
492 719 705 756 orationem
725 731 853 756 meam
873 731 953 757 non
974 719 1021 757 de
1050 719 1200 758 illorum
1228 718 1330 757 facto
1359 717 1430 756 sed
1447 715 1496 754 de

242 784 390 823 ratione
428 785 602 822 censoria
638 783 809 822 habitam
847 785 1054 823 existimari
1090 784 1224 822 velim:
1271 796 1294 822 a
1330 782 1496 821 Lentulo

191 865 230 888 10
244 855 383 895 autem,
412 848 586 886 familiari
615 861 717 895 meo,
747 849 812 900 qui
845 862 868 888 a
897 861 960 887 me
991 861 1063 900 pro
1093 850 1233 888 eximia
1263 860 1334 887 sua
1364 847 1497 885 virtute

245 915 481 965 summisque
510 914 733 961 honoribus,
763 927 862 965 quos
896 927 919 953 a
946 915 1093 965 populo
1123 914 1307 952 Romano
1336 912 1499 962 adeptus

246 988 314 1028 est,
344 981 504 1019 honoris
532 993 648 1020 causa
676 982 907 1028 nominatur,
937 980 1046 1019 facile
1073 980 1162 1027 hoc,
1195 979 1350 1022 iudices,
1378 979 1500 1028 impe-

246 1048 367 1094 trabo,
395 1053 449 1093 ut,
478 1059 595 1096 quam
633 1047 717 1096 ipse
755 1046 936 1084 adhibere
974 1047 1172 1084 consuevit
1209 1045 1249 1083 in
1287 1044 1500 1082 amicorum

247 1113 423 1165 perieulis
460 1125 580 1163 quum
627 1112 743 1150 fidem
781 1119 819 1150 et
856 1112 1104 1162 diligentiam,
1142 1118 1225 1150 tum
1262 1111 1338 1148 vim
1383 1109 1501 1149 animi

196 1195 233 1227 15
248 1179 537 1228 libertatemque
564 1178 728 1220 dicendi,
758 1190 806 1216 ex
834 1177 908 1216 hac
935 1177 1029 1215 mihi
1058 1176 1257 1219 concedat,
1283 1182 1325 1214 ut
1352 1181 1502 1213 tantum

249 1245 342 1283 mihi
372 1256 534 1290 sumam,
555 1250 739 1294 quantum
761 1244 843 1281 sine
862 1243 975 1281 huius
1003 1242 1173 1293 periculo
1193 1241 1395 1292 praeterire
1422 1251 1503 1278 non

251 1322 422 1361 possum.
478 1309 516 1347 A
552 1321 615 1346 me
653 1315 795 1355 tamen,
833 1314 874 1346 ut
913 1320 1079 1358 aequum
1117 1314 1186 1354 est,
1224 1306 1356 1345 omnia
1393 1311 1504 1343 caute

252 1372 562 1425 pedetentimque
584 1373 769 1419 dicentur,
790 1379 832 1411 ut
860 1385 987 1423 neque
1015 1372 1111 1411 fides
1138 1372 1251 1410 huius
1271 1371 1504 1410 defensionis

252 1439 393 1485 relicta,
413 1451 540 1488 neque
569 1439 797 1488 cuiusquam
826 1445 891 1476 aut
924 1438 1088 1488 dignitas
1116 1437 1220 1475 laesa
1246 1442 1312 1475 aut
1340 1435 1506 1475 amicitia

199 1522 238 1544 20
252 1505 391 1544 violata
410 1516 494 1542 esse
518 1503 698 1542 videatur.

313 1582 399 1620 119.
429 1569 555 1607 Video
586 1569 710 1618 igitur,
730 1568 888 1615 iudices,
917 1569 1229 1606 animadvertisse
1258 1578 1439 1606 censores
1466 1566 1506 1604 in

253 1637 398 1675 iudices
417 1634 608 1685 quosdam
629 1634 726 1671 illius
755 1634 903 1671 consilii
922 1633 1084 1680 Iuniani,
1105 1645 1224 1683 quum
1243 1633 1356 1671 istam
1381 1623 1507 1682 ipsam

254 1713 410 1740 causam
440 1699 732 1738 subscriberent.
789 1697 867 1736 Hic
887 1699 1054 1749 primum
1082 1699 1173 1737 illud
1193 1709 1400 1736 commune
1418 1709 1508 1747 pro-

254 1779 411 1818 ponam,
431 1777 643 1815 numquam
668 1763 1060 1802 animadversionibus
1089 1763 1272 1802 censoriis
1291 1763 1391 1801 hanc
1419 1761 1508 1800 civi-

202 1850 238 1882 25
256 1840 373 1871 tatem
393 1832 444 1869 ita
463 1836 696 1876 contentam,
717 1835 758 1866 ut
778 1830 892 1867 rebus
912 1829 1095 1876 iudicatis,
1115 1829 1244 1868 fuisse.
1300 1827 1441 1878 Neque
1468 1827 1509 1865 in

257 1911 298 1937 re
319 1905 411 1936 nota
430 1907 658 1935 consumam
678 1900 831 1944 tempus
851 1894 1059 1944 exemplis:
1089 1905 1236 1944 ponam
1255 1892 1347 1931 illud
1365 1903 1507 1930 unum:

259 1963 303 2002 C.
324 1963 477 2008 Getam,
500 1973 619 2012 quum
639 1972 662 1997 a
681 1959 723 1997 L.
747 1958 904 1996 Metello
923 1965 962 1996 et
990 1958 1062 1997 Cn.
1084 1958 1256 1997 Domitio
1285 1957 1509 1996 censoribus

259 2042 308 2067 ex
329 2034 459 2067 senatu
479 2027 621 2064 eiectus
651 2029 762 2069 esset,
784 2035 984 2062 censorem
1012 2024 1139 2074 ipsum
1159 2029 1292 2073 postea
1319 2034 1404 2060 esse
1432 2021 1510 2060 fac-

260 2102 364 2133 tum:
395 2100 442 2139 et,
462 2092 570 2131 cuius
590 2102 718 2129 mores
738 2102 760 2127 a
787 2090 1011 2128 censoribus
1030 2097 1138 2128 erant
1156 2088 1388 2139 reprehensi,
1409 2087 1511 2125 hunc

203 2177 246 2207 30
261 2166 396 2211 postea
423 2166 460 2198 et
478 2158 612 2209 populi
639 2158 820 2203 Romani,
840 2163 878 2195 et
906 2168 1052 2202 eorum,
1072 2156 1138 2204 qui
1166 2154 1206 2192 in
1233 2154 1362 2204 ipsum
1390 2153 1513 2192 anim-

264 2226 511 2271 adverterant,
531 2224 702 2262 moribus
722 2222 943 2273 praefuisse.
1001 2220 1120 2268 Quod
1149 2220 1181 2258 si
1209 2219 1302 2257 illud
1330 2218 1512 2257 iudicium

263 2297 467 2342 putaretur,
496 2296 537 2328 ut
568 2289 681 2327 ceteri
712 2288 811 2338 turpi
842 2286 983 2326 iudicio
1015 2284 1184 2324 damnati
1213 2284 1253 2322 in
1285 2289 1513 2334 perpetuum

1634 1439 1647 1481 4

1638 1483 1647 1522 Ἴ,
