1650 2554
285 0 343 50 *ξ

156 173 197 211 §5
214 170 354 211 78—-82.
486 168 576 206 ORA
585 168 664 201 Tro
691 168 787 200 PRo
813 166 860 200 A.-
883 165 1128 199 eLUENTIO.
1343 169 1399 212 93

207 277 280 313 30.
317 273 416 321 Quis
436 279 517 311 tum
536 272 692 311 auderet
710 271 847 318 dicere,
867 276 1073 308 nocentem
1099 268 1400 307 condemnatum

156 349 240 377 esse
273 337 560 388 Oppianicum?
600 337 687 386 quis
724 348 826 374 nunc
858 335 898 373 id
932 334 1045 373 audet
1077 333 1246 384 negare?
1303 333 1401 380 Quis

155 409 237 442 tum
256 408 388 452 posset
407 414 577 452 arguere,
598 402 647 439 ab
666 400 886 451 Oppianico
905 399 1088 438 iudicium
1113 404 1297 437 tentatum
1317 410 1402 436 esse

154 468 347 519 pecunia?
376 468 462 518 quis
484 467 523 505 id
541 467 616 505 hoc
639 473 813 516 tempore
837 465 988 503 infitiari
1013 465 1168 514 potest?
1224 463 1297 502 Cui
1320 469 1402 501 tum

155 533 283 572 liceret
308 533 459 579 docere,
487 531 747 582 Oppianicum
769 542 876 569 reum
904 530 1045 568 factum
1075 541 1159 568 esse
1187 535 1269 567 tum
1297 528 1402 566 deni·
1417 544 1436 575 5

157 609 244 648 que,
281 610 401 648 quum
439 597 590 635 duobus
626 596 811 646 proximis
831 594 1087 645 >praeiudiciis
1125 593 1403 632 condemnatus

157 664 285 702 esset?
319 663 404 713 quis
432 669 498 709 est,
528 662 593 712 qui
621 661 660 700 id
691 661 767 699 hoc
797 667 969 710 tempore
997 659 1188 697 infirmare
1216 660 1404 697 conetur?

159 730 221 767 81.
249 727 391 775 Quare,
425 727 565 765 invidia
597 732 755 771 remota,
790 737 908 775 quam
941 724 1022 763 dies
1055 724 1250 773 mitigavit,
1282 724 1404 761 oratio

156 805 245 831 mea
270 793 473 842 deprecata
499 798 567 838 est,
591 797 714 829 vestra
739 790 834 829 fides
862 797 974 839 atque
1001 790 1172 840 aequitas
1194 801 1218 827 a
1242 788 1405 827 veritatis

159 857 435 907 disceptatione
463 855 616 894 reiecit:
645 854 739 905 quid
766 861 823 893 est
851 860 1057 904 praeterea,
1086 854 1194 904 quod
1220 853 1261 891 in
1286 865 1402 891 causa
1423 868 1460 891 10

158 922 420 973 relinquatur?

212 987 415 1026 Versatam
435 998 519 1025 esse
544 986 584 1023 in
602 985 743 1024 iudicio
770 985 987 1035 pecuniam,
1015 990 1190 1023 constat:
1219 995 1265 1022 ea
1289 996 1404 1034 quae-

160 1053 262 1099 ritur,
287 1052 391 1090 unde
415 1051 586 1101 profecta
611 1052 669 1097 sit,
697 1051 747 1089 ab
773 1057 1006 1097 accusatore,
1026 1062 1076 1088 an
1102 1050 1152 1088 ab
1176 1050 1272 1088 reo?
1328 1049 1405 1087 Ac-

161 1124 314 1158 cusator
350 1117 440 1156 dicit
485 1116 602 1155 haec:
660 1118 669 1135 ‘
685 1116 867 1162 Primum,
891 1113 1145 1164 'gravissimis
1188 1114 1407 1153 criminibus

162 1183 402 1229 accusabam,
434 1188 475 1220 ut
507 1181 599 1219 nihil
633 1193 731 1231 opus
763 1187 863 1219 esset
898 1181 1088 1230 pecunia:
1131 1179 1280 1227 deinde,
1314 1191 1407 1218 con·
1425 1194 1461 1226 15

163 1250 386 1287 demnatum
411 1247 663 1293 adducebam,
686 1253 727 1285 ut
752 1258 801 1284 ne
827 1246 920 1296 eripi
946 1245 1102 1295 quidem
1127 1245 1290 1295 pecunia
1318 1256 1408 1294 pos-

165 1320 246 1354 set:
274 1320 482 1364 postrem0‚
508 1312 623 1350 etiam
651 1311 683 1349 si
711 1311 909 1349 absolutus
938 1317 1050 1356 esset,
1078 1322 1250 1348 mearum
1279 1315 1409 1349 tamen

166 1379 339 1418 omniurn
376 1378 612 1416 fortunarum
650 1382 769 1414 status
813 1376 1017 1414 incolumis
1054 1374 1247 1413 maneret!
1304 1374 1411 1422 Quid

166 1452 299 1484 contra
330 1443 442 1481 reus?
499 1442 703 1488 ‘Primum,
735 1442 859 1491 ipsam
891 1440 1172 1479 multitudinem
1205 1447 1243 1478 et
1276 1440 1410 1479 atroci-

167 1516 284 1548 tatem
303 1507 505 1546 criminum
521 1506 864 1557 pertimescebam:
893 1505 1042 1551 deinde,
1058 1505 1238 1543 Fabriciis
1252 1511 1408 1555 propter
1424 1521 1467 1543 20

168 1573 441 1614 conscientiam
469 1572 544 1610 mei
564 1571 715 1609 sceleris
735 1570 1012 1618 condemnatis,
1032 1582 1094 1608 me
1119 1582 1203 1609 esse
1226 1570 1410 1608 condem-

167 1645 310 1685 natum,
338 1637 569 1676 sentiebam:
598 1642 805 1686 postremo,
829 1635 868 1672 in
887 1647 975 1673 eum
1001 1647 1133 1674 casum
1152 1646 1341 1681 veneram,
1368 1641 1411 1673 ut

168 1704 294 1743 omnis
322 1713 495 1740 mearum
524 1700 761 1738 fortunarum
793 1706 912 1738 status
941 1701 1054 1739 unius
1083 1699 1211 1738 iudicii
1239 1698 1410 1749 periculo

169 1766 447 1808 contineretur.'

223 1835 287 1872 82.
314 1832 412 1882 Age,
456 1831 639 1881 quoniam
686 1830 954 1879 corrumpendi
999 1829 1126 1870 iudicii
1172 1840 1308 1868 causas
1350 1829 1412 1868 ille
1427 1816 1478 1878 ²5--

169 1898 308 1938 multas
343 1904 381 1936 et
416 1909 551 1948 graves
586 1895 728 1941 habuit,
756 1894 820 1933 hic
857 1895 1020 1935 nullam:
1068 1895 1256 1946 profectio
1292 1894 1412 1944 ipsius

170 1963 354 2014 pecuniae
373 1962 592 2012 requiratur.
650 1959 827 1999 Confecit
846 1961 994 1999 tabulas
1013 1960 1300 2010 diligentissime
1321 1958 1412 1998 Clu-

172 2029 305 2068 entius.
359 2027 471 2066 Haec
496 2034 623 2066 autem
648 2038 708 2064 res
733 2025 847 2064 habet
873 2025 949 2064 hoc
973 2033 1086 2072 certe,
1109 2033 1150 2064 ut
1176 2025 1268 2064 nihil
1292 2025 1414 2074 possit

173 2105 297 2144 neque
326 2093 510 2138 additum,
542 2103 668 2141 neque
699 2090 908 2130 detractum
936 2091 984 2130 de
1011 2103 1053 2130 re
1084 2090 1413 2141 familiari—latere.

175 2158 277 2198 Anni
313 2164 401 2197 sunt
437 2164 538 2204 octo,
571 2167 690 2206 quum
726 2156 798 2193 ista
835 2167 951 2195 causa
981 2157 1021 2195 in
1058 2157 1130 2195 ista
1166 2155 1413 2194 meditatione
1427 2169 1479 2202 30,

176 2228 352 2270 versatur,
371 2234 490 2273 quum
509 2221 650 2266 omnia,
671 2232 769 2270 quae
798 2220 847 2259 ad
865 2233 951 2260 eam
971 2233 1052 2260 rem
1077 2221 1277 2271 pertinent,
1303 2226 1340 2257 et·
1365 2230 1414 2258 ex

177 2287 298 2335 huius,
322 2294 362 2327 et
385 2300 433 2326 ex
467 2286 627 2326 aliorum
654 2285 788 2325 tabulis
816 2286 976 2337 agitatis,
1003 2286 1183 2333 tractatis,
1205 2284 1422 2335 inquiritis:¹
