1650 2554
171 181 211 219 §⁵
232 185 413 218 130—135.
474 175 652 208 ORATIO
681 176 777 207 PRo
804 175 848 208 A.
882 174 1128 206 eLUENTm.
1332 173 1418 218 ‘115

171 282 308 320 nendis
334 281 550 331 diligentior
572 293 657 319 esse
680 280 883 330 quisquam
911 285 1060 329 potest:
1090 290 1216 328 neque
1239 277 1289 315 illi
1312 278 1417 316 aliter

171 347 325 385 dicunt:
360 347 429 384 sed
457 346 622 384 eandem
651 345 754 384 illam
779 345 923 383 famam
947 345 1074 383 iudicii
1101 343 1268 392 corrupti
1298 343 1418 380 secuti

170 418 267 450 sunt.
323 411 460 460 Neque
487 411 560 460 ipsi
587 423 696 449 secus
716 411 946 453 existimant,
967 422 1085 460 quam
1111 421 1184 447 nos
1210 407 1418 446 existimari

170 477 355 521 volumus,
381 477 428 514 de
454 476 565 514 huius
594 476 754 525 pudore,
779 475 1006 524 integritate,
1027 475 1182 512 virtute:
1215 473 1284 511 sed
1309 480 1417 522 puta-

167 548 254 579 runt
281 541 528 591 praetermitti
556 547 818 578 accusatorem
845 552 925 578 non
951 539 1132 589 potuisse,
1154 549 1274 588 quum
1294 538 1416 575 anim·
1434 552 1451 584 5

168 606 370 644 adversum
408 611 509 643 esset
545 605 585 642 in
621 605 776 643 iudices.
840 604 930 652 Qua
967 604 1016 642 de
1047 617 1087 642 re
1119 610 1200 641 tota
1233 603 1264 640 si
1296 614 1417 640 unum

169 671 310 709 facturn
339 682 387 708 ex
415 671 522 707 omni
549 670 771 720 antiquitate
799 670 1005 719 protulero,
1031 670 1140 719 plura
1168 680 1249 706 non
1277 667 1413 706 dicam.

174 748 259 784 134.
289 735 379 773 Non
404 735 507 773 enim
533 735 626 772 mihi
649 735 869 785 exemplum
896 734 1036 772 summi
1061 740 1098 772 et
1121 733 1318 771 clarissimi
1338 732 1414 778 viri,

169 801 210 839 P.
228 800 410 846 Africani,
431 801 750 850 praetereundum
770 801 937 838 videtur:
967 800 1031 849 qui
1055 811 1174 849 quum
1201 803 1301 836 esset
1325 809 1413 835 cen-

169 877 244 911 sor,
266 872 303 903 et
330 866 368 902 in
389 866 559 914 equitum
579 877 696 903 censu
717 864 761 903 C.
780 864 950 902 Licinius
972 864 1161 902 Sacerdos
1186 863 1390 913 prodiisset
1402 875 1412 909 ;
1434 878 1471 900 10

169 931 270 968 clara
287 942 393 976 voce,
414 937 455 967 ut
481 930 607 968 omnis
631 930 768 968 concio
791 930 921 967 audire
947 936 1089 979 posset,
1111 929 1215 974 dixit,
1237 940 1277 966 se
1306 927 1413 973 scire,

170 995 274 1032 illum
307 995 432 1032 verbis
465 994 663 1043 conceptis
700 995 913 1043 peierasse3
956 994 987 1032 si
1021 994 1085 1044 qui
1122 1000 1257 1031 contra
1286 991 1414 1029 dicere

169 1060 288 1106 vellet,
308 1071 466 1097 usurum
495 1071 579 1097 esse
609 1071 697 1097 eum
727 1071 797 1097 suo
827 1060 1056 1098 testimonio.
1112 1059 1264 1097 Deinde
1294 1070 1415 1108 quum

170 1133 301 1164 contra
326 1136 441 1162 nemo
469 1124 621 1170 diceret,
643 1124 749 1163 iussit
774 1137 916 1175 equum
945 1125 1152 1163 traducere.
1208 1124 1344 1174 Itaque
1369 1124 1412 1169 is,

170 1191 276 1229 cuius
312 1190 465 1228 arbitrio
504 1196 541 1226 et
578 1189 742 1239 populus
777 1189 979 1228 Romanus
1017 1197 1054 1227 et
1090 1197 1241 1228 exterae
1278 1195 1413 1238 gentes
1433 1205 1468 1236 15

171 1262 372 1293 contentae
403 1266 487 1292 esse
518 1261 758 1301 consuerant,
782 1255 863 1305 ipse
893 1267 960 1293 sua
989 1256 1146 1294 scientia
1173 1255 1224 1293 ad
1250 1254 1413 1304 ignomi-

171 1320 274 1357 niam
303 1319 453 1357 alterius
482 1326 683 1357 contentus
713 1332 793 1357 non
823 1319 902 1358 fuit.
960 1320 1079 1366 Quod
1108 1321 1139 1358 si
1167 1320 1242 1357 hoc
1267 1319 1413 1357 Habito

171 1384 295 1423 facere
321 1384 497 1428 licuisset,
518 1383 627 1421 facile
654 1384 723 1421 illis
746 1384 838 1434 ipsis
864 1385 1053 1423 iudicibus
1080 1391 1118 1423 et
1146 1384 1262 1422 falsae
1288 1385 1411 1434 suspi-

172 1450 274 1488 cioni
293 1455 331 1487 et
350 1449 509 1486 invidiae
529 1449 759 1499 populariter
778 1450 962 1488 excitatae
982 1451 1187 1488 restitisset.

230 1523 314 1562 135.
343 1513 473 1551 Unum
494 1514 607 1551 etiam
626 1521 693 1560 est,
714 1515 820 1564 quod
842 1527 904 1552 me
929 1515 1096 1552 maxime
1122 1515 1324 1553 conturbat
1350 1515 1410 1552 cui
1429 1530 1468 1552 20

170 1579 257 1618 loco
282 1579 514 1629 respondere
541 1591 654 1629 posse
677 1580 739 1618 vix
762 1580 902 1626 videor,
923 1580 1029 1630 quod
1054 1580 1223 1630 elogium
1248 1580 1413 1618 recitasti

170 1645 218 1682 de
247 1651 475 1682 testamento
505 1643 575 1683 Cn.
604 1645 767 1694 Egnafii,
797 1645 926 1694 patris,
955 1644 1121 1683 hominis
1151 1645 1411 1684 honestissimi

168 1709 349 1753 videlicet,
374 1716 410 1747 et
438 1709 724 1759 sapientissimi:
756 1710 898 1749 idcirco
928 1722 969 1749 se
998 1711 1252 1749 exheredasse
1278 1710 1409 1756 filium,

168 1774 273 1824 quod
292 1774 323 1812 is
342 1775 394 1811 ob
415 1773 619 1824 Oppianici
646 1775 933 1814 damnationem
958 1776 1160 1825 pecuniam
1186 1776 1408 1825 accepisset.

168 1839 228 1878 De
264 1839 370 1878 cuius
410 1839 576 1878 hominis
616 1840 766 1878 levitate
807 1847 845 1879 et
883 1841 1138 1879 inconstantia
1177 1841 1286 1891 plura
1327 1853 1407 1879 non
1424 1857 1440 1879 2
1446 1857 1462 1888 5

169 1905 305 1943 dicam.
361 1904 451 1942 Hoc
474 1911 742 1943 testamentum
767 1906 904 1955 ipsum,
926 1906 1031 1956 quod
1054 1907 1200 1952 recitas,
1220 1906 1410 1944 eiusmodi

169 1975 238 2015 est,
260 1976 301 2007 ut
327 1969 400 2016 ille,
425 1981 544 2020 quum
572 1983 660 2008 eum
690 1970 807 2008 filium
835 1970 1093 2018 exheredaret,
1116 1983 1234 2021 quem
1262 1971 1406 2017 oderat,

170 2034 205 2072 ei
223 2034 300 2072 filio
320 2033 527 2073 coheredes
546 2034 724 2088 homines
743 2035 994 2076 alienissimos
1014 2037 1274 2086 coniungeret,
1291 2048 1406 2086 quem

172 2098 360 2148 diligebat.
422 2098 499 2138 Sed
534 2106 576 2138 tu
608 2101 701 2147 Atti,
735 2100 967 2149 consideres,
1003 2114 1157 2149 censeo,
1196 2102 1407 2152 diligenter,

173 2170 298 2201 utrum
325 2175 527 2203 censorum
557 2165 737 2204 iudicium
769 2178 883 2215 grave
914 2167 1004 2206 velis
1033 2179 1129 2214 esse,
1161 2179 1211 2206 an
1241 2167 1406 2216 Egnatii.
1423 2182 1465 2212 30

176 2226 216 2265 Si
234 2226 404 2277 Egnatii:
437 2226 517 2268 leve
545 2238 614 2278 est,
641 2231 745 2281 quod
774 2243 951 2270 censores
980 2232 1027 2271 de
1055 2233 1189 2271 ceteris
1217 2233 1408 2283 subscrip-

175 2299 325 2341 serunt3
353 2293 478 2344 ipsum
496 2296 599 2334 enim
619 2295 690 2335 Cn.
711 2296 927 2347 Egnatium,
948 2309 1063 2348 quem
1082 2304 1123 2336 tu
1150 2302 1304 2348 gravem
1325 2309 1410 2336 esse

767 2373 781 2399 1
803 2374 822 2399 2
