1650 2554
247 141 304 182 60
613 150 663 185 M.
692 152 851 184 TULLII
874 127 1017 184 ⁴orem
1023 152 1133 184 oms
1334 161 1385 185 00.
1399 154 1497 185 1—3.

248 257 453 306 perspicio,
489 264 676 307 quantum
710 258 750 296 in
785 258 938 308 agendo
973 258 1212 306 difficultatis,
1241 264 1279 297 et
1311 265 1500 309 quantum

249 322 390 360 laboris
416 322 461 361 sit
485 322 668 360 habitura.
730 336 764 373 3.
797 323 874 361 Sed
902 324 942 361 in
970 322 1042 362 hac
1069 329 1173 362 tanta
1196 323 1412 362 difficultate
1438 323 1501 362 illa

248 399 311 425 me
330 399 390 425 res
409 395 550 434 tamen,
571 388 727 435 iudices,
749 389 979 433 consolatur,
1001 388 1105 438 quod
1124 401 1193 427 vos
1212 389 1260 427 de
1279 389 1501 428 criminibus

249 452 303 491 sie
326 453 456 490 audire
480 454 705 499 consuestis,
726 460 769 491 ut
795 466 927 491 eorum
954 466 1112 491 omnem
1138 454 1426 492 dissolutionem
1451 455 1501 492 ab

213 533 231 565 5
249 524 400 556 oratore
420 518 630 568 quaeratis:
660 524 703 556 ut
721 530 802 556 non
822 519 1054 564 existimetis,
1076 518 1162 568 plus
1181 531 1250 557 vos
1269 519 1319 557 ad
1339 519 1501 558 salutem

248 595 315 622 reo
346 583 471 633 largiri
501 589 689 633 oportere,
720 596 836 633 quam
865 591 1052 633 quantum
1081 584 1261 623 defensor
1290 585 1502 635 purgandis

247 649 471 687 criminibus
509 649 695 698 consequi
733 655 770 687 et
808 649 974 687 dicendo
1016 650 1180 699 probare
1219 650 1405 699 potuerit:
1452 649 1502 688 de

247 714 388 751 invidia
418 720 548 751 autem
582 714 634 752 sic
667 715 765 752 inter
794 727 864 753 vos
895 714 1108 764 disceptare
1142 714 1300 761 debetis,
1331 721 1373 753 ut
1405 727 1498 762 non,

247 779 341 828 quid
361 779 507 816 dicatur
531 791 554 816 a
573 779 698 825 nobis,
719 780 788 818 sed
816 780 909 829 quid
935 786 1110 829 oporteat
1135 780 1221 826 dici,
1241 779 1501 818 consideretis.

194 860 233 882 10
249 844 386 894 Agitur
412 844 515 881 enim
545 844 584 881 in
610 845 833 882 criminibus
858 845 905 883 A.
931 844 1096 883 Cluentii
1125 845 1324 895 proprium
1353 846 1504 896 pericu-

248 909 340 955 lum,
367 909 408 947 in
437 909 589 956 invidia,
615 921 731 947 causa
759 910 988 948 communis.
1047 910 1315 957 Quamobrem
1343 911 1502 949 alteram

247 981 397 1024 partem
416 986 555 1012 causae
578 975 633 1012 sic
656 971 827 1024 agemus,
848 982 890 1013 ut
908 987 977 1013 vos
997 975 1229 1014 doceamus:
1258 976 1414 1014 alteram
1435 976 1500 1024 sie,

247 1046 289 1077 ut
308 1051 475 1078 oremus.
531 1039 579 1077 In
602 1040 728 1086 altera,
752 1040 946 1089 diligentia
971 1047 1094 1078 vestra
1116 1042 1230 1080 nobis
1257 1031 1504 1092 adiungenda

249 1111 327 1143 est:
368 1105 408 1142 in
445 1104 572 1151 altera,
607 1105 702 1143 fides
731 1105 982 1155 imploranda.
1046 1106 1174 1144 Nemo
1210 1113 1267 1144 est
1300 1108 1403 1145 enirn
1437 1106 1503 1156 qui

195 1186 232 1218 ¹5
249 1170 423 1217 invidiae,
461 1171 543 1208 sine
580 1176 706 1209 vestro
744 1183 789 1209 ac
827 1170 910 1209 sine
945 1171 1077 1209 talium
1114 1164 1282 1209 virorum
1319 1171 1502 1217 subsidio,

250 1236 373 1286 possit
405 1236 589 1274 resistere.
649 1249 683 1283 4.
714 1235 907 1286 Equidem
939 1237 1047 1287 quod
1077 1236 1125 1274 ad
1154 1249 1217 1274 me
1250 1238 1394 1283 attinet,
1425 1247 1504 1286 quo

249 1313 314 1338 rne
333 1307 489 1348 vertam,
510 1302 654 1339 nescio.
710 1301 865 1351 Negem
889 1301 1006 1340 fuisse
1033 1302 1136 1340 illam
1160 1301 1358 1340 infamiam
1376 1301 1505 1340 iudicii

251 1367 446 1416 corrupti?
492 1379 633 1416 negem
670 1367 775 1405 illam
811 1379 893 1405 rem
932 1367 1113 1417 agitatam
1149 1367 1188 1405 in
1226 1368 1505 1408 concionibus?

249 1433 430 1471 iactatam
455 1432 495 1470 in
520 1432 694 1470 iudiciis?
723 1438 1068 1471 commemoratam
1093 1433 1133 1470 in
1157 1433 1317 1471 senatu?
1345 1432 1505 1471 evellam

196 1514 236 1536 20
251 1510 299 1536 ex
338 1498 474 1536 animis
512 1497 717 1536 hominum
755 1503 900 1536 tantam
941 1498 1196 1549 opinionem?
1235 1503 1314 1536 tam
1351 1498 1506 1548 penitus

250 1563 429 1602 insitam?
463 1570 542 1601 tam
568 1564 784 1602 vetustam?
843 1563 937 1601 Non
963 1569 1022 1602 est
1047 1564 1167 1602 nostri
1193 1563 1359 1613 ingenii:
1392 1563 1507 1602 vestri

251 1629 378 1667 auxilii
398 1635 464 1674 est,
485 1629 642 1674 iudices,
662 1628 775 1667 huius
795 1628 1038 1667 innocentiae
1058 1629 1113 1667 sic
1132 1628 1173 1666 in
1191 1627 1264 1667 hac
1284 1628 1506 1667 calamitosa

249 1694 364 1740 fama,
395 1695 505 1744 quasi
538 1695 578 1732 in
611 1693 738 1743 aliqua
770 1693 1096 1743 perniciosissima
1128 1693 1287 1731 flamma
1318 1699 1433 1744 atque
1465 1693 1507 1732 in

250 1761 449 1799 communi
468 1761 648 1799 incendio
669 1759 882 1798 subvenire.

196 1841 234 1873 25
309 1830 346 1864 2.
379 1834 412 1874 5.
442 1826 597 1863 Etenim
626 1825 724 1863 sicut
753 1824 835 1862 aliis
862 1824 902 1861 in
927 1823 1022 1863 locis
1049 1836 1186 1875 parum
1211 1824 1443 1863 firmamenti
1468 1831 1507 1864 et

249 1891 383 1929 virium
403 1892 539 1929 veritas
565 1891 703 1929 habet:
733 1890 787 1928 sic
813 1890 854 1927 in
879 1889 954 1927 hoc
981 1890 1069 1928 loco
1096 1890 1192 1928 falsa
1217 1890 1358 1928 invidia
1384 1890 1507 1929 imbe-

249 1957 335 1995 cilla
368 1969 453 1995 esse
486 1956 611 1994 debet.
675 1955 907 1993 Dominetur
940 1956 980 1993 in
1013 1957 1278 2001 concionibus,
1312 1956 1433 1994 iaceat
1465 1956 1506 1994 in

249 2022 419 2060 iudiciis:
446 2021 567 2059 valeat
581 2022 621 2059 in
637 2021 885 2070 opinionibus
906 2033 951 2059 ac
971 2022 1211 2059 sermonibus
1230 2021 1505 2070 imperitorum,

251 2088 300 2126 ab
333 2087 497 2136 ingeniis
531 2087 775 2136 prudentium
809 2086 1050 2136 repudietur:
1088 2085 1334 2124 vehementes
1367 2084 1507 2125 habeat

193 2169 236 2199 30
250 2153 471 2202 repentinos
506 2153 681 2202 impetus,
713 2153 838 2202 spatio
871 2153 1098 2202 interposito
1132 2157 1170 2190 et
1203 2163 1321 2190 causa
1350 2151 1507 2200 cognita

251 2223 514 2256 consenescat.
557 2217 738 2267 Denique
759 2218 821 2255 illa
844 2218 1013 2256 definitio
1033 2217 1261 2255 iudiciorum
1280 2228 1505 2266 aequorum,

251 2295 350 2334 quae
378 2284 492 2322 nobis
515 2295 538 2321 a
559 2283 767 2321 maioribus
789 2282 927 2322 tradita
950 2287 1019 2330 est,
1038 2283 1264 2321 retineatur:
1291 2288 1335 2320 ut
1352 2282 1392 2320 in
1409 2282 1505 2321 iudi,
