1650 2554
149 207 189 245 §5
210 203 386 244 ¹60—165.
437 203 616 236 ORATIO
645 204 740 235 PRO
768 202 814 235 A.
847 203 1095 235 CLUENTIO.
1311 207 1390 248 129

147 317 236 362 post
259 311 340 349 sine
366 311 623 349 controversia
648 310 769 348 solvit.
826 313 835 330 ‘
849 309 967 348 Caelii
986 309 1186 348 cuiusdam
1208 309 1389 347 Samnitis

146 387 304 414 uxorem
331 381 421 424 post
448 375 592 413 bellum
619 375 668 412 ab
694 374 769 412 hoc
794 386 880 412 esse
906 372 1128 424 repetitam!
1186 373 1389 412 Mulierem

146 452 265 490 quum
293 441 447 478 emisset
476 440 523 478 de
552 440 774 486 sectoribus,
801 451 880 490 quo
908 446 1081 489 tempore
1110 451 1196 476 eam
1224 439 1390 488 primum

145 505 303 544 liberam
331 517 417 544 esse
444 504 595 551 audivit,
625 505 707 543 sine
735 504 875 542 iudicio
904 503 1068 542 reddidit
1096 503 1239 541 Caelio.
1301 503 1387 552 163.

147 570 339 608 ‘Ennium
377 582 462 608 esse
500 569 706 620 quendam,
744 569 851 607 cuius
889 569 994 607 bona
1030 574 1158 607 teneat
1195 568 1385 606 Habitus.'
1403 584 1421 615 5

145 634 215 674 Est
241 635 303 672 hic
330 635 480 673 Ennius
508 646 627 684 egens
653 634 821 685 quidam,
846 634 1107 680 calumniator,
1130 633 1388 672 mercenarius

145 698 360 750 Oppianici,
381 699 446 748 qui
466 699 675 748 permultos
694 711 818 737 annos
838 699 999 748 quievit:
1024 698 1160 736 deinde
1181 697 1387 747 aliquando

145 777 234 803 cum
253 776 362 803 servo
384 764 519 802 Habiti
539 763 626 802 furti
645 764 748 813 egit:
777 776 900 813 nuper
919 765 968 802 ab
993 764 1067 802 isto
1087 763 1234 802 Habito
1259 770 1389 814 petere

145 830 282 879 coepit.
346 829 425 867 Hic
463 829 527 867 illo
564 829 710 878 privato
748 829 888 867 iudicio
926 827 1035 880 (mihi
1073 827 1243 880 credite),
1280 829 1389 866 vobis

146 894 282 932 iisdem
302 893 462 932 fortasse
481 893 664 943 patronis,
687 893 917 931 calumniam
937 905 1017 931 non
1037 894 1202 944 effugiet.
1259 894 1388 943 Atque
1407 909 1445 931 10

145 959 273 1005 etiam,
289 966 330 996 ut
349 959 461 997 nobis
480 958 726 1004 renuntiatur,
741 957 939 997 hominem
957 958 1162 997 multorum
1181 958 1388 1008 hospitum,

146 1024 195 1062 A.
210 1023 390 1062 Binnium
410 1023 613 1074 quendam,
629 1035 822 1073 coponem
842 1023 890 1062 de
909 1023 968 1062 via
987 1023 1135 1070 Latina,
1152 1024 1388 1062 subornatis:

146 1089 212 1140 qui
230 1089 302 1127 sibi
321 1101 344 1127 a
363 1088 552 1135 Cluentio,
573 1090 765 1138 servisque
791 1089 885 1134 eius,
905 1089 945 1126 in
970 1090 1129 1127 taberna
1154 1101 1224 1127 sua
1253 1102 1389 1127 manus

147 1154 276 1193 allatas
291 1167 376 1192 esse
392 1154 504 1192 dicat.
551 1153 642 1200 Quo
658 1153 705 1192 de
725 1154 881 1192 homine
901 1154 993 1192 nihil
1012 1155 1128 1192 etiam
1143 1167 1246 1193 nunc
1262 1155 1388 1193 dicere

147 1220 259 1259 nobis
278 1225 335 1257 est
354 1231 521 1257 necesse.
581 1218 620 1256 Si
640 1219 859 1265 invitaverit,
879 1219 918 1257 id
937 1220 1044 1269 quod
1067 1220 1174 1266 solet,
1194 1221 1246 1258 sic
1266 1219 1387 1258 homi·
1407 1235 1442 1267 15

148 1296 238 1322 nem
265 1284 507 1332 accipiemus,
535 1290 578 1321 ut
609 1283 770 1321 moleste
803 1283 898 1321 ferat
930 1296 972 1323 se
1003 1284 1050 1322 de
1078 1284 1138 1322 via
1166 1285 1388 1324 decessisse.

141 1349 239 1395 164.
270 1347 442 1394 Habetis,
471 1347 627 1393 iudices,
656 1360 754 1398 quae
783 1348 823 1386 in
851 1354 971 1386 totam
1000 1349 1115 1387 vitam
1143 1348 1192 1387 de
1218 1350 1390 1388 moribus

149 1414 197 1452 A.
218 1412 394 1459 Cluentii,
413 1424 529 1462 quem
547 1412 598 1449 illi
625 1412 853 1451 invidiosum
872 1426 980 1451 reum
998 1414 1130 1452 volunt
1149 1427 1245 1461 esse,
1266 1427 1390 1453 annos

149 1486 238 1518 octo
253 1478 421 1516 meditati
437 1484 677 1515 accusatores
695 1478 942 1528 collegerunt.
990 1479 1119 1526 Quam
1137 1479 1233 1518 levia
1250 1491 1389 1530 genere

149 1543 255 1594 ipso!
285 1554 400 1592 quam
421 1542 515 1580 falsa
533 1544 594 1580 re!
624 1554 741 1592 quam
759 1543 886 1581 brevia
905 1545 1114 1593 responsu!
1407 1562 1446 1583 20

202 1611 276 1646 ΘΟ.
306 1606 540 1656 Cognoscite
560 1619 662 1645 nunc
681 1606 720 1644 id
743 1607 848 1657 quod
873 1608 923 1646 ad
942 1614 1108 1646 vestrum
1126 1609 1389 1648 iusiurandum

149 1672 321 1722 pertinet,
337 1672 443 1720 quod
462 1671 572 1709 vestri
590 1671 716 1709 iudicii
735 1678 803 1718 est,
819 1671 924 1722 quod
938 1673 1047 1711 vobis
1062 1674 1190 1712 oneris
1209 1674 1390 1725 imposuit

148 1749 196 1775 ea
212 1737 283 1783 lex,
304 1749 381 1786 qua
406 1737 528 1775 coacti
554 1736 630 1774 huc
656 1738 895 1784 convenistis,
917 1738 965 1776 de
990 1738 1210 1777 criminibus
1229 1741 1388 1779 veneni:

148 1808 189 1840 ut
224 1813 359 1839 omnes
395 1801 617 1850 intelligant,
656 1813 773 1852 quam
809 1803 941 1851 paucis
978 1803 1102 1841 verbis
1139 1803 1235 1842 haec
1272 1817 1387 1844 causa

148 1866 314 1917 perorari
347 1866 522 1915 potuerit,
547 1873 584 1904 et
609 1877 726 1915 quam
758 1866 877 1905 multa
904 1880 927 1906 a
955 1880 1017 1906 me
1047 1868 1147 1906 dicta
1175 1869 1260 1916 sint,
1287 1883 1386 1921 quae
1404 1887 1440 1919 25

149 1929 199 1968 ad
216 1930 326 1968 huius
340 1930 573 1968 voluntatem
588 1931 766 1978 maxime,
782 1930 831 1969 ad
850 1938 1017 1970 vestrum
1036 1933 1217 1971 iudicium
1231 1935 1388 1974 minime

149 1995 386 2045 pertinerent.

209 2060 292 2108 165.
321 2059 525 2098 obiectum
558 2065 627 2107 est,
658 2059 701 2099 C.
726 2060 883 2099 Vibium
916 2061 1111 2113 Capacem
1144 2065 1193 2103 ab
1230 2064 1305 2103 hoc
1337 2065 1384 2103 A.

152 2122 327 2163 Cluentio
346 2136 495 2163 veneno
515 2137 601 2163 esse
621 2125 822 2164 sublatum.
879 2126 1109 2177 Opportune
1134 2129 1243 2167 adest
1267 2129 1387 2168 homo

153 2200 305 2228 summa
339 2189 414 2228 fide
450 2196 488 2228 et
524 2191 631 2228 omni
668 2191 801 2229 virtute
839 2192 1042 2242 praeditus,
1079 2192 1126 2231 L.
1166 2193 1386 2242 Plaetorius,
1402 2211 1444 2240 30

154 2258 317 2300 senator,
336 2253 401 2303 qui
419 2254 516 2293 illius
536 2255 700 2305 Capacis
719 2255 862 2307 hospes
881 2256 949 2295 fuit
967 2263 1005 2295 et
1023 2257 1224 2297 familiaris
1271 2258 1388 2309 Apud

153 2316 255 2356 hunc
282 2317 343 2356 ille
370 2317 519 2359 Romae
546 2319 735 2366 habitavit,
765 2321 869 2371 apud
897 2321 999 2362 hunc
1030 2323 1248 2373 aegrotavit,
1277 2322 1388 2362 huius

790 2397 818 2424 x
