1650 2554
147 154 187 192 §5
212 156 390 191 103—107.
461 149 639 182 ORATIO
668 149 763 181 PRo
792 149 836 181 A.
861 147 1103 180 eLUENTm.
1314 150 1393 194 103

145 257 222 294 iam
241 267 350 294 suam
379 254 621 293 clementiam
645 254 787 292 laudari
815 265 958 303 magno
989 265 1105 303 opere
1133 253 1341 291 nolebant:
1371 265 1394 290 a

145 321 284 371 quibus
315 320 347 358 si
370 321 435 370 qui
466 327 674 370 quaereret,
695 319 934 358 sedissentne
963 318 1105 356 iudices
1133 319 1172 355 in
1201 317 1245 355 C.
1265 317 1393 355 Fabri-

145 386 259 431 cium,
288 386 433 425 sedisse
462 397 503 422 se
533 385 723 423 dicerent:
762 384 794 422 si
822 385 1152 433 interrogarentur,
1181 395 1275 421 num
1313 395 1392 432 quo

145 450 302 488 crimine
331 450 363 488 is
383 456 483 488 esset
502 456 715 496 accusatus,
737 455 1003 499 praeterquam
1021 448 1158 486 veneni
1178 449 1269 494 eius,
1290 447 1393 497 quod

144 515 359 565 quaesitum
389 514 535 552 Habito
564 514 763 561 diceretur,
791 520 998 564 negarent:
1037 514 1069 552 si
1097 513 1235 552 deinde
1269 519 1396 551 essent
1411 527 1428 559 5

144 580 275 629 rogati,
293 579 384 630 quid
405 579 648 625 iudicassent,
668 579 946 617 condemnasse
968 591 1008 617 se
1024 578 1202 617 dicerent.
1261 577 1390 615 Nemo

143 645 247 684 enim
267 644 438 683 absolvit.
495 644 646 682 Eodem
675 643 795 682 modo
815 644 1029 693 quaesitum
1050 644 1080 681 si
1109 650 1210 682 esset
1230 643 1277 681 de
1299 643 1390 681 Sca-

143 710 318 757 mandro,
339 716 440 748 certe
469 709 571 747 idem
590 709 903 758 respondissent:
932 709 1082 746 tametsi
1110 708 1170 746 ille
1198 720 1276 746 una
1305 720 1391 745 sen-

144 777 262 815 tentia
281 782 339 814 est
367 775 565 813 absolutus
579 789 591 822 ;
621 775 690 813 sed
709 774 811 812 illam
831 786 947 812 unam
976 786 1093 812 nemo
1121 780 1203 812 tum
1232 775 1391 812 istorum

145 853 253 880 suam
274 842 347 880 dici
367 840 490 878 vellet.
552 842 638 878 106.
659 839 755 878 Uter
773 840 886 889 igitur
905 839 1050 878 facilius
1071 852 1161 877 suae
1182 840 1390 878 sententiae
1412 855 1449 876 10

143 907 333 945 rationem
360 906 556 944 redderet:
589 906 684 951 isne,
713 906 777 955 qui
806 917 847 943 se
876 911 914 942 et
943 905 1027 951 sibi,
1057 911 1094 943 et
1122 905 1175 942 rei
1205 905 1391 942 iudicatae

145 971 356 1010 constitisse
386 970 496 1008 dicit:
535 983 584 1008 an
613 970 684 1016 ille,
714 970 778 1020 qui
812 982 852 1008 se
889 970 928 1007 in
958 969 1170 1019 principem
1203 969 1390 1011 maleficii,

144 1033 282 1079 lenem,
311 1033 350 1070 in
379 1032 571 1070 adiutores
600 1033 682 1070 eius
718 1039 757 1070 et
795 1032 985 1078 conscios,
1016 1031 1393 1070 vehementissimum

145 1106 230 1133 esse
259 1095 498 1144 respondet?
553 1094 730 1141 Quorum
759 1106 834 1144 ego
864 1094 912 1132 de
943 1094 1132 1132 sententia
1159 1106 1239 1131 non
1269 1093 1392 1131 debeo

146 1156 348 1206 disputare.
406 1157 544 1208 Neque
574 1157 677 1195 enim
706 1156 850 1202 dubito,
879 1156 972 1206 quin
1000 1155 1024 1193 ii
1053 1155 1147 1193 tales
1175 1156 1241 1193 viri
1271 1156 1392 1204 suspi-
1412 1171 1449 1202 15

146 1219 256 1256 cione
285 1219 411 1268 aliqua
431 1219 600 1270 percussi
629 1219 838 1268 repentina,
860 1218 909 1256 de
938 1225 1038 1256 statu
1067 1229 1137 1255 suo
1158 1217 1391 1255 declinarint.

146 1279 276 1327 Quare
305 1292 449 1328 eorum,
470 1283 536 1332 qui
564 1281 816 1326 absolverunt,
837 1279 1137 1317 misericordiam
1157 1291 1237 1317 non
1266 1291 1393 1328 repre-

146 1344 300 1383 hendo:
329 1357 474 1392 eorum,
495 1346 561 1396 qui
589 1347 629 1383 in
648 1345 854 1383 iudicando
884 1345 1081 1394 superiora
1108 1344 1246 1382 iudicia
1275 1344 1395 1382 secuti

147 1416 235 1447 sunt
254 1421 323 1447 sua
343 1418 492 1460 sponte,
514 1423 594 1448 non
616 1409 757 1448 Staieni
777 1408 919 1454 fraude,
940 1409 1195 1447 constantiam
1214 1420 1394 1458 compro-

146 1476 198 1512 bo
215 1489 223 1512 :
246 1486 377 1513 eorum
397 1488 498 1522 vero,
519 1477 585 1526 qui
604 1476 675 1514 sibi
695 1486 775 1513 non
794 1475 938 1525 liquere
959 1475 1144 1520 dixerunt,
1165 1475 1390 1524 sapientiam
1409 1492 1449 1514 20

147 1540 282 1578 laudo:
312 1541 376 1591 qui
406 1541 602 1579 absolvere
631 1552 731 1583 eum,
756 1552 873 1590 quem
900 1539 1217 1578 nocentissimum
1245 1551 1393 1590 cogno-

146 1612 240 1652 rant,
270 1612 307 1644 et
334 1618 450 1655 quem
479 1606 550 1657 ipsi
588 1606 646 1644 bis
684 1606 761 1643 iam
798 1611 910 1643 antea
946 1605 1260 1651 condemnarant,
1289 1605 1394 1643 nullo

146 1671 266 1710 modo
284 1678 483 1721 poterant:
506 1672 776 1717 condemnare,
798 1682 916 1720 quum
935 1676 1039 1708 tanta
1063 1670 1210 1709 consilii
1237 1670 1395 1709 infamia

146 1742 184 1774 et
207 1743 284 1774 tam
305 1737 443 1775 atrocis
472 1737 525 1774 rei
554 1736 721 1786 suspicio
750 1742 850 1773 esset
877 1736 1027 1782 iniecta,
1047 1734 1176 1785 paullo
1205 1737 1394 1785 posterius

146 1801 338 1851 patefacta
372 1813 413 1839 re
450 1801 674 1839 maluerunt.
744 1809 830 1849 107.
864 1800 922 1838 Ac
959 1812 1008 1838 ne
1046 1812 1093 1838 ex
1130 1799 1233 1838 facto
1272 1800 1394 1839 solum
1412 1817 1448 1849 25

146 1866 336 1916 sapientes
366 1866 449 1904 illos
487 1866 672 1912 iudicetis,
701 1866 771 1905 sed
799 1865 914 1903 etiam
951 1877 999 1902 ex
1030 1865 1251 1903 hominibus
1288 1865 1392 1915 ipsis,

147 1930 253 1981 quod
271 1930 310 1968 hi
329 1930 510 1977 fecerunt,
531 1931 740 1970 rectissime
770 1942 815 1968 ac
835 1930 1116 1980 sapientissime
1144 1929 1286 1968 factum
1305 1943 1394 1980 pro-

147 1995 267 2042 betis;
305 1996 390 2046 quis
427 1995 468 2034 P.
491 1996 654 2036 Octavio
689 1995 811 2034 Balbo
848 1995 1005 2045 ingenio
1042 1995 1275 2045 prudentior,
1313 1996 1392 2034 iure

147 2060 311 2109 peritior,
349 2060 435 2108 fide,
474 2061 668 2111 religione,
707 2060 833 2098 officio
871 2060 1086 2110 diligentior
1123 2066 1188 2098 aut
1225 2061 1393 2099 sanctior

149 2126 439 2163 commemorari
464 2127 616 2176 potest?
673 2124 766 2163 Non
786 2124 957 2163 absolvit.
1016 2124 1114 2172 Quis
1134 2124 1182 2171 Q.
1205 2124 1391 2163 Considio
1407 2141 1450 2172 30

151 2189 407 2228 constantior?
436 2191 522 2240 quis
549 2191 788 2235 iudiciorum,
817 2196 929 2239 atque
958 2190 1039 2228 eius
1068 2190 1272 2240 dignitatis,
1293 2202 1392 2239 quae

149 2252 190 2290 in
224 2251 367 2293 iudiciis
395 2255 557 2305 publicis
585 2255 723 2294 versari
753 2254 877 2303 debet,
907 2255 1088 2306 peritior?
1129 2255 1213 2306 quis
1248 2255 1391 2303 virtute,
