1650 2554
273 169 329 211 66
653 176 704 209 M.
740 175 897 208 TULLII
925 173 1176 207 CICERONIS
1356 185 1410 210 ω.
1431 175 1536 208 3-3,

283 284 425 331 omnia,
445 290 560 334 atque
588 296 645 330 ea,
665 283 697 322 si
725 282 917 321 oblivione
945 293 1027 319 non
1054 286 1198 330 posset,
1225 286 1356 319 tamen
1383 281 1537 319 tacitur-

283 351 399 388 nitate
428 362 498 388 sua
524 356 625 388 tecta
652 361 737 387 esse
765 354 977 398 pateretur:
1008 346 1076 384 sed
1104 357 1150 384 ea
1177 357 1267 384 vero
1297 346 1352 384 sic
1380 346 1470 395 agit,
1497 352 1539 383 ut

283 428 441 466 prorsus
469 416 626 453 reticere
665 414 770 451 nullo
808 413 928 450 modo
956 411 1091 461 possit.
1148 409 1240 449 Hoc
1278 411 1382 449 enim
1410 411 1538 460 ipsum

286 482 479 527 iudicium,
513 481 590 518 hoc
629 478 851 529 periculum,
885 477 948 515 illa
983 476 1188 522 accusatio,
1223 477 1351 514 omnis
1384 476 1538 514 testium

248 565 266 595 5
284 548 409 597 copia,
439 558 537 596 quae
575 545 699 583 futura
732 551 801 590 est,
831 556 854 581 a
891 547 1012 580 matre
1048 542 1157 579 initio
1195 548 1253 579 est
1290 542 1486 586 adornata,
1516 553 1540 579 a

285 620 406 651 matre
426 612 502 650 hoc
521 618 695 660 tempore
715 609 917 655 instruitur,
939 616 1052 657 atque
1081 607 1261 645 omnibus
1290 607 1370 645 eius
1399 607 1539 656 opibus

287 685 325 717 et
354 678 476 727 copiis
507 682 750 726 comparatur
764 688 774 721 3
804 675 889 724 ipsa
909 674 1075 722 denique
1105 684 1228 722 nuper
1252 672 1406 719 Larino,
1426 671 1539 709 huius

284 742 530 793 opprimendi
550 753 677 786 causa,
698 740 867 778 Romam
887 738 1087 776 advolavit.
1143 738 1301 775 Praesto
1322 743 1379 775 est
1405 736 1541 774 mulier

287 809 425 854 audax,
446 806 670 856 pecuniosa,
700 803 882 842 crudelis:
917 802 1077 840 instituit
1105 808 1359 847 accusatores,
1390 801 1540 839 instruit

233 889 271 911 10
287 879 404 911 testes
420 884 427 909 :
451 871 627 921 squalore
647 870 759 907 huius
779 875 816 906 et
837 868 1013 906 sordibus
1033 867 1193 905 laetatur
1204 879 1214 914 ;
1242 866 1399 904 exitium
1419 878 1539 916 exop-

285 944 359 976 tat:
404 937 633 986 sanguinem
671 947 784 973 suum
820 933 1054 983 profundere
1091 944 1248 970 omnem
1286 932 1401 981 cupit,
1431 931 1541 968 dum-

286 1003 407 1042 modo
444 1002 646 1052 profusum
678 1001 790 1038 huius
828 1006 916 1036 ante
949 998 1087 1036 videat.
1157 997 1269 1035 Haec
1299 997 1372 1035 nisi
1409 996 1542 1034 omnia

286 1067 557 1119 perspexeritis
594 1067 634 1103 in
672 1077 798 1110 causa,
829 1071 972 1102 temere
1008 1075 1032 1100 a
1069 1063 1182 1100 nobis
1219 1062 1323 1100 illam
1361 1061 1542 1111 appellari

287 1139 482 1183 putatote:
512 1132 573 1170 sin
602 1137 711 1169 erunt
740 1137 776 1167 et
806 1135 936 1178 aperta
964 1134 1002 1165 et
1029 1127 1184 1173 nefaria,
1206 1126 1384 1164 Cluentio
1413 1126 1542 1175 ignos-

234 1214 271 1246 15
289 1210 375 1236 cere
395 1197 553 1242 debetis,
570 1196 676 1246 quod
695 1195 790 1232 haec
810 1207 834 1231 a
852 1206 914 1231 me
935 1193 1008 1231 dici
1028 1193 1206 1242 patiatur:
1228 1192 1320 1229 mihi
1341 1192 1542 1241 ignoscere

288 1276 370 1302 non
388 1263 592 1313 deberetis,
613 1263 644 1299 si
664 1267 840 1298 tacerem.

344 1333 381 1368 ’7.
417 1341 474 1376 19.
505 1326 623 1365 Nunc
656 1327 733 1363 iam
766 1324 986 1362 summatim
1014 1335 1220 1373 exponam,
1251 1323 1389 1373 quibus
1417 1322 1543 1360 crimi-

290 1395 403 1432 nibus
442 1393 683 1445 Oppianicus
716 1391 918 1429 damnatus
957 1390 1024 1428 sit:
1063 1395 1105 1426 ut
1138 1395 1175 1426 et
1205 1388 1460 1426 constantiam
1495 1379 1543 1425 A'.

292 1460 467 1505 Cluentii,
488 1465 526 1496 et
545 1458 733 1495 rationem
753 1455 1008 1494 accusationis
1028 1454 1243 1504 perspicere
1263 1454 1429 1504 possitis.
1485 1454 1546 1492 Ac

237 1542 278 1564 20
291 1526 458 1575 primum
495 1535 612 1561 causa
649 1521 856 1560 accusandi
884 1532 983 1570 quae
1011 1519 1134 1565 fuerit,
1163 1519 1392 1557 ostendam:
1428 1525 1471 1557 ut
1507 1518 1547 1557 id

293 1591 420 1639 ipsum
458 1588 506 1625 A.
534 1587 756 1625 Cluentium
783 1586 820 1623 vi
857 1597 902 1624 ac
940 1585 1167 1622 necessitate
1204 1590 1381 1621 coactum
1409 1583 1547 1622 fecisse

293 1654 461 1692 videatis.

352 1731 412 1757 20.
435 1718 568 1764 Quum
606 1716 809 1754 manifesto
847 1727 1039 1752 venenum
1077 1713 1403 1764 deprehendisset,
1441 1712 1548 1763 quod

295 1785 349 1822 vir
381 1783 511 1821 matris
542 1782 782 1832 Oppianicus
813 1781 847 1818 ei
880 1780 1097 1830 paravisset,
1124 1785 1162 1817 et
1192 1790 1252 1816 res
1283 1790 1364 1816 non
1395 1779 1548 1816 coniec-

243 1866 279 1898 25
296 1857 390 1895 tura,
422 1848 490 1886 sed
527 1848 648 1886 oculis
678 1860 723 1885 ac
751 1846 928 1884 manibus
959 1850 1158 1889 teneretur,
1188 1855 1316 1893 neque
1354 1844 1395 1881 in
1432 1856 1550 1882 causa

296 1915 372 1953 ulla
391 1914 576 1952 dubitatio
595 1919 727 1962 posset
747 1924 831 1951 esse
845 1924 854 1958 ;
877 1909 1067 1948 accusavit
1087 1908 1360 1959 Oppianicum.
1418 1908 1550 1955 Quam

298 1985 530 2025 constanter,
550 1984 588 2015 et
616 1990 732 2027 quam
763 1977 973 2026 diligenter,
1001 1981 1134 2024 postea
1162 1974 1312 2012 dicam:
1341 1985 1445 2011 nunc
1474 1973 1550 2013 hoc

299 2046 395 2083 scire
431 2055 501 2081 vos
540 2043 653 2088 volui,
688 2043 832 2079 nullam
869 2041 960 2079 huic
998 2040 1111 2077 aliam
1149 2038 1356 2077 accusandi
1393 2050 1551 2077 causam

300 2110 427 2155 fuisse,
447 2108 519 2146 nisi
547 2107 602 2145 uti
630 2107 871 2156 propositum
891 2106 987 2143 vitae
1007 2103 1216 2154 periculum
1245 2108 1283 2140 et
1306 2103 1551 2152 quotidianas

243 2191 286 2222 30
301 2174 435 2224 capitis
455 2173 611 2211 insidias
630 2171 702 2209 hac
721 2184 800 2209 una
818 2172 966 2209 ratione
989 2170 1153 2208 evitaret.
1211 2168 1351 2217 Atque,
1372 2174 1413 2205 ut
1441 2168 1550 2206 intel-

300 2240 436 2289 ligatis,
476 2239 521 2276 iis
559 2242 780 2275 accusatum
817 2248 902 2274 esse
940 2234 1161 2272 criminibus
1199 2232 1472 2283 Oppianicum,
1509 2240 1551 2272 ut

302 2316 427 2354 neque
465 2310 663 2341 accusator
701 2302 844 2347 timere,
876 2311 1002 2350 neque
1038 2311 1137 2347 reus
1164 2310 1316 2349 sperare
1352 2298 1549 2347 debuerit;
