1650 2554
245 160 323 217 138
609 170 660 203 M.
697 170 853 203 TULLII
882 170 1130 203 cmERost
1278 181 1330 210 ρο.
1352 173 1414 209 ee,
1435 173 1498 206 στι

242 278 382 327 cupiat,
415 276 515 316 hanc
548 278 676 316 fictam
710 278 978 328 quaestionem
1012 275 1297 326 conscripsisse.
1364 275 1499 326 Atque.

242 345 354 382 istam
379 345 503 394 ipsam
531 345 813 394 quaestionem,
834 344 957 390 dicite,
980 344 1064 394 quis
1084 343 1306 392 obsignarit.
1360 341 1496 380 Unum

242 409 409 459 aliquem
438 410 647 448 nominate.
705 409 914 452 Neminem
940 408 1147 458 reperietis,
1175 408 1247 446 nisi
1273 407 1368 446 forte
1395 408 1497 446 eius-

241 475 347 513 modi
366 475 576 521 hominem,
597 487 713 525 quern
734 487 808 525 ego
831 474 992 525 proferri
1012 474 1142 511 malim
1162 485 1278 523 quam
1298 473 1496 510 neminem

207 555 225 587 5
243 541 444 584 nominari.
506 541 591 578 186.
622 540 729 587 Quid
756 540 822 586 ais,
843 539 893 578 T.
912 539 1018 577 Atti?
1047 546 1089 576 tu
1113 538 1325 588 periculum
1349 537 1497 586 capitis,

242 612 284 643 tu
304 605 487 643 indicium
507 606 669 651 sceleris,
692 613 732 643 tu
752 605 921 643 fortunas
941 605 1093 642 alterius
1118 604 1234 642 literis
1254 604 1495 653 conscriptas

242 671 282 708 in
314 670 496 708 iudicium
534 670 696 708 afferes:
737 682 863 719 neque
897 682 1028 707 earum
1062 675 1259 707 auctorem
1291 668 1499 714 literarum,

244 748 370 786 neque
407 736 706 785 obsignatorem,
746 747 872 784 neque
914 742 1051 773 testem
1091 734 1211 772 ullum
1248 733 1495 771 nominabis?

243 808 291 847 et,
321 813 437 851 quam
466 808 507 838 tu
536 807 686 851 pestem
716 801 1034 838 innocentissimo
1065 800 1143 837 filio
1172 811 1219 837 ex
1250 798 1382 837 matris
1409 797 1498 836 sinu

189 882 229 904 10
244 866 541 917 deprompseris,
571 866 672 904 hanc
705 866 744 903 hi
777 866 870 904 tales
899 867 966 904 viri
1000 864 1337 915 comprobabunt?
1376 862 1496 901 Esto:

243 933 283 970 in
320 933 469 970 tabellis
507 932 599 969 nihil
636 938 693 970 est
726 933 985 970 auctoritatis:
1029 932 1148 981 quid?
1192 931 1276 980 ipsa
1308 929 1496 980 quaestio,

243 999 443 1045 iudicibus,
481 999 584 1048 quid,
624 999 768 1044 amicis,
806 998 1099 1048 hospitibusque
1139 995 1357 1046 Oppianici,
1397 1006 1497 1044 quos

245 1065 470 1102 adhibuerat
507 1071 631 1111 antea,
665 1064 768 1114 quid,
807 1063 894 1101 huic
927 1063 1084 1101 tandem
1116 1062 1190 1112 ipsi
1227 1061 1392 1111 tempori
1430 1072 1497 1098 cur

245 1142 326 1168 non
344 1136 535 1167 reservata
554 1131 638 1168 est?
669 1130 761 1180 quid
787 1130 867 1167 istis
893 1129 1114 1167 hominibus
1138 1119 1283 1165 factum
1302 1132 1371 1172 est,
1393 1125 1496 1163 Stra-

192 1213 229 1243 15
247 1203 339 1234 tone
373 1201 410 1233 et
444 1194 692 1233 Nicostrato?
760 1197 844 1242 187.
884 1193 1040 1241 Quaero
1079 1194 1148 1230 abs
1185 1198 1234 1238 te,
1268 1190 1496 1241 Oppianice,

246 1273 355 1299 servo
384 1267 451 1298 tuo
479 1260 698 1298 Nicostrato
728 1260 821 1309 quid
849 1259 993 1297 factum
1022 1270 1106 1296 esse
1136 1258 1263 1296 dicas:
1298 1268 1415 1307 quem
1441 1262 1496 1302 tu,

246 1338 366 1376 quum
403 1325 506 1364 hunc
543 1325 648 1363 brevi
685 1332 860 1374 tempore
899 1331 1144 1362 accusaturus
1178 1334 1294 1369 esses,
1327 1321 1496 1359 Romam

247 1391 447 1437 deducere,
469 1391 560 1429 dare
589 1396 818 1440 potestatem
845 1390 1050 1436 indicandi,
1070 1388 1304 1427 incolumem
1331 1387 1499 1437 denique

246 1469 395 1495 servare
415 1456 643 1506 quaestioni,
665 1468 814 1494 servare
833 1455 892 1494 his
912 1455 1111 1501 iudicibus,
1127 1466 1275 1493 servare
1294 1453 1383 1492 huic
1401 1460 1499 1491 tem-

195 1538 234 1560 20
249 1523 334 1573 pori
350 1522 524 1560 debuisti.
573 1521 675 1559 Nam
694 1521 913 1559 Stratonem
933 1520 1100 1571 quidem,
1116 1520 1272 1567 iudices,
1288 1520 1328 1557 in
1343 1530 1498 1557 crucem

247 1594 376 1626 actum
395 1599 479 1625 esse
500 1593 654 1625 exsecta
673 1587 807 1624 scitote
827 1587 979 1636 lingua:
1009 1586 1115 1636 quod
1134 1596 1250 1624 nemo
1269 1590 1327 1622 est
1340 1584 1499 1622 Larina-

248 1645 342 1690 tium
358 1653 423 1701 qui
443 1652 599 1690 nesciat.
644 1651 791 1688 Timuit
810 1651 944 1688 mulier
964 1662 1099 1688 amens
1119 1662 1199 1688 non
1219 1661 1329 1688 suam
1349 1648 1500 1687 consci-

247 1719 401 1763 entiam,
418 1729 499 1754 non
518 1717 650 1754 odium
665 1717 914 1765 municipum,
929 1728 1009 1754 non
1029 1715 1171 1754 famam
1191 1715 1387 1753 omnium:
1417 1713 1498 1759 sed,

249 1783 358 1833 quasi
391 1794 471 1820 non
505 1794 642 1819 omnes
676 1781 756 1819 eius
790 1781 941 1818 sceleris
974 1787 1091 1818 testes
1124 1785 1252 1818 essent
1283 1779 1409 1826 futuri,
1444 1778 1499 1817 sic

194 1865 232 1896 25
248 1848 393 1890 metuit,
410 1859 458 1884 ne
479 1847 801 1884 condemnaretur
821 1853 991 1883 extrema
1010 1845 1146 1883 servuli
1161 1856 1255 1883 voce
1275 1844 1484 1882 morientis.

308 1914 394 1951 188.
425 1911 544 1959 Quod
570 1911 644 1949 hoc
670 1917 903 1961 portentum,
924 1911 975 1948 dii
998 1910 1255 1948 immortales:
1285 1909 1391 1959 quod
1417 1915 1501 1947 tan-

249 1985 332 2018 tum
358 1983 573 2015 monstrum
599 1977 639 2014 in
667 1976 751 2014 ullis
779 1975 900 2014 locis?
930 1976 1037 2026 quod
1064 1982 1143 2013 tam
1171 1974 1351 2013 infestum
1376 1975 1502 2012 scelus

251 2051 288 2082 et
316 2045 494 2088 immane,
525 2047 589 2079 aut
615 2042 719 2079 unde
747 2048 880 2079 natum
909 2053 992 2079 esse
1026 2040 1224 2078 dieamus?
1286 2039 1371 2076 Iam
1400 2039 1502 2077 enim

252 2109 388 2148 videtis
425 2106 612 2158 profecto,
651 2107 807 2153 iudices,
846 2119 928 2144 non
965 2106 1046 2144 sine
1084 2104 1310 2143 necessariis
1356 2117 1420 2142 me
1457 2117 1527 2147 ac*

195 2193 238 2223 30
252 2173 429 2213 maximis
455 2173 591 2219 causis,
620 2173 809 2222 principio
841 2172 1024 2210 orationis
1055 2182 1164 2208 meae
1195 2169 1243 2207 de
1273 2175 1393 2207 matre
1422 2169 1504 2208 dix—

254 2243 341 2280 isse.
404 2239 509 2278 Nihil
543 2246 599 2277 est
627 2239 730 2276 enim
759 2238 860 2284 mali,
890 2238 982 2275 nihil
1010 2236 1171 2282 sceleris,
1202 2235 1308 2285 quod
1335 2235 1397 2273 illa
1425 2247 1503 2274 non

255 2307 304 2346 ab
347 2305 453 2344 initio
492 2304 569 2343 filio
610 2304 780 2350 voluerit,
820 2302 1016 2353 optaverit,
1055 2300 1286 2351 cogitaverit,
1311 2299 1503 2346 effecerit.
