1650 2554
267 181 346 212 102
634 178 685 210 M.
712 177 871 209 TULLII
901 175 1150 208 CICERONIS
1304 187 1356 210 ce.
1377 179 1435 215 3⁷,
1456 180 1516 211 88.

265 284 378 333 igitur
406 282 611 321 Iunianum
631 295 699 333 per
718 283 795 320 vim
824 282 967 320 factum
987 289 1063 320 est:
1094 282 1217 329 Bulbi,
1239 287 1275 320 et
1301 282 1460 333 Popillii,
1481 288 1519 320 et

265 348 417 394 Guttae,
449 354 582 386 contra
621 347 840 386 Cluentium
871 359 950 385 non
989 353 1070 385 est:
1111 346 1263 393 Staieni,
1294 347 1410 385 etiam
1446 359 1518 397 pro

264 413 443 452 Cluentio
463 420 529 451 est.
588 413 800 451 Videamus
819 413 971 463 ecquod
990 412 1093 451 aliud
1111 413 1303 459 iudicium,
1321 412 1427 463 quod
1445 425 1517 463 pro

266 478 443 517 Cluentio
464 479 521 525 sit,
543 478 712 528 proferre
728 479 932 528 possimus.

227 560 243 592 5
314 545 472 582 Dixitne
510 544 666 583 tandem
704 557 860 583 causam
900 543 944 582 C.
964 543 1222 583 Fidiculanius
1253 544 1417 590 Falcula,
1454 543 1519 594 qui

266 609 528 660 Oppianicum
558 610 847 655 condemnarat,
869 622 989 660 quum
1008 610 1241 660 praesertim,
1262 610 1301 648 id
1322 609 1427 660 quod
1448 609 1517 648 fuit

266 676 305 712 in
334 676 396 713 illo
426 675 566 713 iudicio
600 675 949 721 invidiosissimum,
970 687 1116 725 paucos
1146 676 1227 713 dies
1257 687 1305 713 ex
1337 674 1519 713 subsorti-

265 741 369 778 tione
400 741 588 778 sedisset?
644 740 759 786 Dixit,
781 747 819 778 et
841 741 900 778 bis
920 741 1076 791 quidem
1097 741 1202 778 dixit.
1259 740 1306 779 In
1327 751 1520 778 summam

267 807 369 844 enim
399 805 442 843 L.
463 805 645 852 Quintius
674 806 855 843 invidiam
883 806 1136 844 concionibus
1165 818 1255 843 eum
1275 805 1517 855 quotidianis,

214 887 253 909 10
268 871 457 909 seditiosis
486 878 523 908 et
552 871 788 916 turbulentis,
819 871 1040 909 adduxerat.
1098 870 1190 909 Uno
1228 871 1367 909 iudicio
1399 870 1519 908 multa

267 944 324 974 est
353 937 402 973 ab
422 947 469 973 eo
498 937 624 985 petita,
647 936 743 974 sicut
773 937 821 974 ab
841 936 966 982 Iunio,
987 935 1092 986 quod
1121 948 1200 974 non
1230 948 1321 974 suae
1342 936 1519 974 decuriae

266 1014 438 1044 munere,
468 1014 594 1050 neque
623 1014 669 1039 ex
698 1001 783 1051 lege
813 1002 984 1039 sedisset.
1041 1001 1176 1039 Paullo
1207 1001 1396 1039 sedatiore
1423 1007 1520 1039 tem-

267 1078 360 1116 pore
381 1073 438 1104 est
467 1073 677 1111 accusatus,
698 1078 813 1116 quarn
843 1066 987 1112 Iunius,
1009 1067 1078 1104 sed
1097 1066 1234 1104 eadem
1262 1066 1339 1104 fere
1368 1066 1454 1116 lege
1482 1072 1520 1104 et

267 1132 435 1169 crimine.
495 1130 597 1177 Quia
625 1131 728 1169 nulla
754 1132 795 1168 in
823 1132 964 1170 iudicio
994 1131 1129 1169 seditio
1158 1143 1285 1181 neque
1309 1131 1365 1169 vis
1393 1143 1520 1181 neque

215 1213 251 1244 15
269 1197 380 1234 turba
407 1203 555 1234 versata
584 1203 652 1242 est,
681 1197 806 1246 prima
834 1197 985 1235 actione
1016 1196 1193 1234 facillime
1225 1203 1281 1234 est
1312 1196 1518 1234 absolutus.
1545 1211 1548 1214 ⁴

269 1261 363 1299 Non
393 1274 553 1299 numero
592 1262 693 1299 hanc
732 1262 1025 1300 absolutionem.
1083 1261 1213 1299 Nihilo
1251 1261 1380 1299 minus
1417 1261 1521 1299 enim

270 1333 409 1376 potest.
430 1334 471 1364 ut
493 1327 594 1364 illam
615 1328 774 1364 multam
794 1339 874 1364 non
900 1327 1146 1373 commiserit,
1166 1327 1361 1376 accepisse
1390 1332 1519 1364 tamen

268 1393 320 1430 ob
349 1403 429 1428 rem
458 1392 736 1430 iudicandam*
767 1398 921 1442 captam
949 1404 1141 1442 nusquam
1171 1391 1346 1430 Staienus
1384 1391 1520 1429 eadem

269 1459 354 1507 lege
379 1458 482 1496 dixit.
540 1458 743 1508 Proprium
773 1459 917 1496 crimen
946 1458 1038 1496 illud
1067 1458 1301 1508 quaestionis
1331 1457 1411 1495 eius
1439 1469 1519 1495 non

214 1541 253 1562 20
270 1524 348 1562 suit.
411 1537 495 1570 104.
526 1524 785 1562 Fidiculanius
818 1524 910 1574 quid
941 1523 1075 1562 fecisse
1109 1523 1329 1562 dicebatur?
1398 1523 1522 1561 Acce-

270 1589 372 1638 pisse
393 1601 415 1626 a
435 1588 612 1626 Cluentio
633 1589 701 1626 IIS
722 1601 821 1627 cccc.
880 1588 998 1627 Cuius
1028 1595 1106 1627 erat
1135 1588 1306 1626 ordinis?
1363 1587 1522 1626 Senato-

269 1655 324 1692 rii.
382 1654 472 1701 Qua
491 1655 575 1704 lege
604 1655 643 1691 in
664 1667 710 1692 eo
731 1667 873 1704 genere
901 1667 924 1692 a
953 1661 1129 1692 senatore
1148 1655 1244 1692 ratio
1263 1655 1383 1704 repeti
1412 1655 1521 1701 solet,

271 1721 319 1758 de
348 1720 522 1769 pecuniis
550 1720 782 1768 repetundis,
812 1732 858 1756 ea
895 1719 979 1768 lege
1008 1726 1220 1766 accusatus,
1250 1719 1520 1758 honestissime

269 1792 326 1823 est
354 1785 563 1823 absolutus.
619 1785 716 1822 Acta
736 1791 793 1822 est
821 1785 923 1822 enim
944 1796 1060 1822 causa
1079 1796 1186 1822 more
1215 1785 1416 1828 maiorum,
1438 1786 1520 1824 sine

213 1866 251 1897 25
267 1851 314 1895 vi,
336 1850 415 1887 sine
435 1855 551 1894 metu,
573 1849 654 1886 sine
674 1849 864 1898 periculo:
894 1848 1007 1892 dicta,
1028 1854 1065 1886 et
1093 1849 1278 1898 exposita,
1299 1855 1337 1887 et
1358 1850 1519 1888 demon-

267 1922 383 1954 strata
420 1922 508 1953 sunt
545 1915 685 1952 omnia.
755 1914 923 1952 Adducti
961 1914 1105 1952 iudices
1143 1922 1242 1961 sunt,
1281 1927 1362 1953 non
1398 1916 1519 1954 modo

266 1981 436 2031 potuisse
464 1980 625 2018 honeste
655 1980 703 2017 ab
732 1991 779 2017 eo
808 1992 916 2017 reum
945 1980 1205 2026 condemnari,
1233 1980 1297 2030 qui
1326 1992 1407 2018 non
1435 1993 1520 2032 per-

267 2052 384 2096 petuo
415 2045 596 2092 sedisset;
636 2045 715 2090 sed,
746 2045 776 2082 si
805 2044 907 2083 aliud
935 2045 966 2082 is
1003 2044 1118 2083 iudex
1147 2044 1239 2082 nihil
1272 2046 1416 2092 scisset,
1445 2047 1519 2084 nisi

269 2123 367 2161 quae
388 2110 619 2160 praeiudicia
640 2110 687 2148 de
708 2122 755 2148 eo
776 2109 877 2148 facta
897 2122 981 2148 esse
1010 2115 1242 2156 constarent,
1260 2110 1390 2148 audire
1410 2123 1519 2161 prae·

211 2193 252 2223 30
269 2183 371 2215 terea
391 2175 482 2213 nihil
502 2175 687 2214 debuisse.

323 2245 391 2280 38.
428 2250 510 2288 105.
542 2240 647 2278 Tum
689 2241 803 2278 etiam
841 2240 892 2278 illi
930 2240 1109 2290 quinque,
1145 2240 1209 2290 qui
1256 2230 1518 2290 imperitorum

266 2306 468 2344 hominum
506 2305 745 2343 rumusculos
783 2306 971 2356 aucupati,
1001 2312 1082 2344 tum
1119 2305 1224 2343 illum
1262 2305 1515 2353 absolverunt,
