1650 2554
243 172 321 216 128
610 181 659 214 M.
694 181 852 213 TULLII
881 181 1128 212 CICERONIS
1261 167 1314 214 0'0.
1335 182 1491 214 58—60.

241 287 416 337 profecto
438 300 487 327 ne
513 293 674 326 conatus
700 287 857 337 quidem
885 293 986 325 esset
1012 286 1150 332 dicere,
1171 283 1210 324 id
1235 284 1342 336 quod
1366 284 1495 324 multis

241 353 365 391 verbis
399 354 487 403 egit,
517 352 694 399 iudicem,
722 352 828 402 quod
860 352 896 390 ei
930 352 1108 398 videatur,
1139 357 1314 398 statuere,
1344 357 1382 389 et
1414 363 1495 389 non

241 419 462 458 devinctum
481 419 631 469 legibus
651 430 736 456 esse
755 423 943 467 oportere.
1003 417 1154 465 Quibus
1183 416 1231 455 de
1259 417 1372 455 rebus
1400 415 1495 454 mihi

241 496 312 533 pro
333 483 498 522 Cluentii
518 482 724 529 voluntate,
745 483 917 529 nimium,
938 494 1009 532 pro
1029 482 1083 520 rei
1102 482 1278 531 publicae
1298 481 1492 531 dignitate,

204 565 222 596 5
240 561 389 599 parum,
405 561 476 599 pro
491 555 615 587 vestra
634 547 838 598 prudentia
857 548 947 586 satis
967 547 1110 585 dixisse
1129 547 1271 585 videor.
1330 546 1494 596 Reliqua

239 626 433 664 perpauca
454 620 552 661 sunt,
568 626 679 663 quae,
695 613 785 663 quia
799 619 945 651 vestrae
961 611 1196 662 quaestionis
1216 617 1334 658 erant,
1349 611 1492 650 idcirco

240 679 292 716 illi
313 685 524 717 statuerunt
539 679 610 717 sibi
627 678 808 728 fingenda
827 690 923 724 esse,
939 684 976 715 et
995 676 1238 726 proferenda,
1253 689 1304 715 ne
1318 677 1495 715 omnium

241 746 449 794 turpissimi
472 745 738 795 reperirentur,
759 745 790 782 si
816 744 856 781 in
884 743 1066 781 iudicium
1095 742 1198 790 nihil,
1226 748 1376 792 praeter
1400 742 1494 779 invi-

243 810 357 856 diam,
379 811 602 849 attulissent.

187 890 226 914 10
298 880 371 914 59.
401 877 541 926 Atque,
563 883 604 914 ut
623 875 858 921 existimetis,
878 874 1097 912 necessario
1123 885 1186 911 me
1212 873 1260 911 de
1285 872 1344 911 his
1367 873 1493 919 rebus,

243 940 291 978 de
319 941 458 990 quibus
486 941 564 979 iam
593 940 766 986 dixerim,
793 939 965 989 pluribus
993 939 1118 988 egisse
1146 938 1283 984 verbis,
1311 937 1494 975 attendite

241 1006 395 1056 reliqua.
454 1005 633 1044 Profecto
652 1005 880 1054 intelligetis,
901 1017 957 1050 ea,
973 1015 1071 1053 quae
1092 1003 1223 1052 paucis
1243 1002 1495 1041 demonstrari

242 1077 460 1120 potuerunt,
481 1071 702 1109 brevissime
722 1082 806 1108 esse
827 1069 993 1108 defensa.

301 1137 387 1173 161.
418 1135 491 1174 Cn.
516 1135 640 1174 Decio
671 1135 843 1181 Samniti,
870 1134 916 1180 ei,
943 1134 1008 1184 qui
1036 1133 1272 1183 proscriptus
1300 1139 1369 1179 est,
1396 1133 1493 1171 iniu-

192 1216 227 1249 15
244 1201 339 1239 riam
371 1202 411 1238 in
448 1201 663 1239 calamitate
701 1201 782 1238 eius
819 1201 867 1238 ab
904 1199 1015 1237 huius
1053 1199 1196 1236 familia
1234 1198 1373 1236 factam
1410 1210 1496 1236 esse

244 1266 402 1304 dixistis.
458 1266 522 1304 Ab
549 1267 655 1305 nullo
681 1266 742 1304 ille
766 1265 966 1311 liberalius,
987 1276 1105 1315 quam
1131 1276 1153 1302 a
1172 1264 1362 1311 Cluentio,
1382 1270 1496 1302 tract-

243 1338 327 1369 atus
358 1336 425 1369 est.
484 1331 612 1370 Huius
641 1331 749 1369 illum
776 1342 872 1380 opes
905 1331 945 1367 in
972 1331 1086 1368 rebus
1115 1330 1196 1368 eius
1224 1329 1496 1368 incommodis-

244 1398 350 1435 simis
383 1397 638 1436 sublevarunt.
697 1397 826 1446 Atque
859 1396 935 1434 hoc
969 1407 1089 1445 quum
1122 1396 1214 1444 ipse,
1244 1401 1327 1432 tum
1359 1406 1497 1433 omnes

245 1463 326 1500 eius
355 1463 469 1501 amici
496 1463 780 1513 necessariique
806 1468 1034 1511 cognorunt.
1091 1459 1270 1498 ‘Ancarii
1295 1465 1333 1497 et
1356 1459 1497 1498 Paceni

192 1543 232 1566 20
245 1528 463 1577 pastoribus
483 1528 596 1566 huius
615 1528 759 1566 villicos
783 1528 859 1565 vim
885 1534 923 1564 et
950 1538 1088 1564 manus
1118 1523 1308 1563 attulisse!
1365 1524 1498 1572 Quum

247 1593 438 1643 quaedam
459 1594 499 1630 in
521 1593 682 1631 collibus
698 1591 755 1642 (ut
775 1589 886 1642 solet)
903 1591 1162 1630 controversia
1180 1597 1378 1640 pastorum
1397 1597 1499 1629 esset

247 1664 351 1695 orta:
381 1657 516 1695 Habiti
535 1657 646 1695 villici
665 1670 746 1695 rem
768 1657 914 1695 domini
940 1663 977 1694 et
1002 1657 1188 1706 privatam
1210 1656 1498 1705 possessionem

249 1722 515 1761 defenderunt.
573 1721 706 1769 Quum
734 1727 835 1760 esset
863 1721 1118 1771 expostulatio
1147 1720 1258 1766 facta,
1284 1731 1400 1758 causa
1428 1720 1499 1759 illis

250 1788 522 1833 demonstrata,
548 1786 630 1824 sine
659 1786 798 1824 iudicio
827 1786 1163 1835 controversiaque
1191 1785 1402 1823 discessum
1426 1792 1498 1825 est.

195 1869 232 1901 25
255 1854 337 1890 162.
369 1851 434 1889 ‘'P.
456 1851 556 1889 Aelii
583 1857 813 1889 testamento
840 1852 1079 1901 propinquus
1106 1850 1359 1889 exheredatus
1378 1863 1500 1901 quum

255 1924 367 1964 esset,
387 1916 498 1955 heres
525 1916 585 1955 hic
611 1916 770 1955 alienior
794 1917 986 1954 institutus
1015 1916 1095 1955 est.'
1152 1916 1192 1953 P.
1214 1916 1345 1954 Aelius
1365 1915 1501 1954 Habiti

250 1983 386 2020 merito
405 1982 516 2020 fecit:
546 1994 671 2032 neque
697 1982 759 2020 hic
785 1982 825 2019 in
851 1988 1079 2020 testamento
1105 1981 1284 2020 faciendo
1307 1980 1499 2019 interfuit:

252 2048 367 2098 idque
386 2053 657 2086 testamentum
678 2048 726 2085 ab
745 2047 857 2086 huius
876 2047 1031 2085 inimico
1053 2046 1271 2096 Oppianico
1291 2053 1348 2084 est
1367 2046 1498 2096 obsig-

253 2119 397 2151 natum.
455 2111 605 2150 ‘Florio
633 2112 802 2161 legatum
830 2123 878 2149 ex
907 2116 1134 2149 testamento
1163 2110 1364 2148 infitiatum
1392 2110 1502 2150 esse!

197 2195 240 2226 30
254 2178 347 2218 Non
372 2184 430 2216 est
451 2177 523 2224 ita3
555 2177 624 2215 sed
652 2189 771 2226 quum
799 2176 870 2215 IIS
901 2188 979 2214 xxx
1007 2176 1146 2226 scripta
1174 2181 1303 2213 essent
1330 2187 1402 2226 pro
1431 2175 1500 2214 IIS

255 2256 332 2289 ccc,
354 2254 479 2292 neque
505 2242 540 2280 ei
569 2242 659 2280 satis
686 2247 840 2280 cautum
862 2241 1068 2279 videretur:
1098 2240 1214 2278 voluit
1242 2252 1332 2278 eum
1360 2240 1516 2290 aliquid*

255 2314 456 2358 acceptum
476 2307 613 2346 referre
632 2306 843 2346 liberalitati
863 2318 965 2345 suae.
1020 2305 1151 2344 Primo
1171 2305 1301 2344 deberi
1323 2305 1499 2355 negavit:
