1650 2554
234 147 293 193 94
567 146 619 179 Μ.
650 140 810 180 TULLH
838 145 1089 180 CICERONIS
1266 158 1320 182 eo.
1336 150 1486 183 ao—sa.

237 262 358 301 quum
395 249 539 290 interea
576 252 827 291 Cluentianae
870 252 1058 303 pecuniae
1094 251 1297 303 vestigium
1340 252 1488 293 nullum

236 317 423 356 invenitis.
471 316 604 364 Quid?
651 318 818 355 Albiana
836 318 1002 368 pecunia
1020 318 1238 368 vestigiisne
1258 319 1371 357 nobis
1390 319 1487 358 odo-

236 382 357 420 randa
389 388 457 429 est,
489 394 539 420 an
574 383 623 421 ad
653 384 781 433 ipsum
815 383 949 429 cubile,
984 383 1094 421 vobis
1127 383 1325 431 iudicibus,
1359 385 1488 423 venire

234 448 467 497 possumus?
524 447 725 486 Tenent-ur
751 460 832 487 uno
860 449 900 486 in
930 448 1019 487 loco
1050 447 1119 486 IIS
1147 459 1282 487 men:
1311 455 1489 487 tenentur

200 527 219 561 5
235 513 339 563 apud
371 513 567 551 hominem
601 513 919 552 audacissimum:
960 519 1136 552 tenentur
1168 514 1272 564 apud
1308 514 1487 553 iudicem.

237 580 300 627 83.
331 578 436 625 Quid
469 579 579 617 vultis
612 579 773 628 amplius
786 579 908 617 ?-—At
941 580 1045 617 enim
1084 579 1261 618 Staienus
1300 591 1381 618 non
1419 578 1489 617 fuit

235 645 286 682 ab
305 643 536 693 Oppianico,
557 644 627 682 sed
645 656 668 682 a
688 643 865 682 Cluentio
887 644 936 682 ad
954 644 1136 683 iudicium
1160 643 1488 695 corrumpendum

234 709 613 748 constitutus.—Cur
636 721 737 756 eum,
763 721 883 759 quum
909 710 948 747 in
969 710 1172 748 consilium
1197 709 1324 756 iretur,
1345 709 1488 748 Cluen-

235 776 311 814 tius
337 782 375 814 et
393 775 579 813 Canutius
600 776 735 813 abesse
761 775 1031 825 patiebantur?
1060 787 1138 822 cur,
1159 787 1279 825 quum
1301 775 1342 813 in
1361 775 1489 814 consi-

184 857 224 880 ιο
237 841 329 879 lium
348 841 561 886 mittebant,
578 839 774 878 Staienum
795 840 971 887 iudicem,
986 841 1047 878 cui
1067 841 1272 890 pecuniam
1293 840 1488 888 dederant,

237 919 318 945 non
345 905 618 956 requirebant?
675 904 913 955 Oppianicus
942 906 1172 955 quaerebat:
1212 904 1395 952 Quintius
1420 904 1489 943 fla-

238 972 407 1022 gitabat:
443 971 524 1009 sine
556 969 710 1008 Staieno
742 982 792 1008 ne
823 970 862 1007 in
893 970 1096 1008 consilium
1129 971 1255 1017 iretur,
1289 970 1490 1008 tribunicia

238 1043 428 1088 potestate
458 1035 670 1086 perfectum
700 1035 877 1074 est.—At
906 1035 1360 1074 condemnavit—Hanc
1386 1035 1490 1073 enim

238 1102 525 1141 damnationem
553 1100 708 1139 dederat
733 1100 910 1139 obsidem
934 1100 1060 1138 Bulbo
1080 1106 1120 1139 et
1144 1101 1292 1148 ceteris,
1313 1105 1354 1138 ut
1374 1100 1489 1139 desti-

185 1185 222 1217 15
237 1175 340 1207 tutus
377 1168 426 1206 ab
465 1166 682 1217 Oppianico
721 1166 919 1204 videretur.
987 1165 1118 1212 Quare
1157 1165 1187 1205 si
1224 1166 1336 1204 istinc
1374 1176 1491 1204 eausa

239 1232 512 1282 corrumpendi
537 1231 675 1278 iudicii,
697 1231 808 1269 istinc
835 1231 1008 1282 pecunia,
1030 1231 1141 1270 istinc
1169 1231 1357 1277 Staienus,
1378 1231 1490 1270 istinc

238 1300 404 1349 denique
438 1298 565 1335 omnis
598 1296 700 1335 fraus
734 1303 772 1335 et
805 1297 965 1335 audacia
1000 1304 1084 1336 est:
1125 1297 1215 1335 hinc
1246 1297 1382 1347 pudor,
1414 1296 1491 1335 ¹'ho-

238 1371 348 1403 nesta
379 1363 466 1409 vita,
500 1362 603 1400 nulla
637 1363 804 1412 suspicio
837 1363 1037 1413 pecuniae,
1076 1362 1181 1400 nulla
1219 1361 1490 1412 corrumpendi

237 1429 365 1468 iudicii
395 1439 532 1466 causa:
573 1427 784 1477 patiamini,
815 1427 970 1465 veritate
1000 1427 1201 1477 patefacta,
1234 1434 1349 1478 atque
1382 1426 1491 1466 omni

183 1513 224 1536 20
239 1507 364 1534 errore
397 1493 556 1539 sublato,
590 1505 638 1531 eo
671 1493 830 1531 transire
863 1493 960 1532 illius
997 1493 1240 1543 turpitudinis
1278 1492 1489 1540 infamiam,

237 1561 304 1599 ubi
334 1565 460 1597 cetera
489 1558 676 1596 maleficia
706 1559 945 1596 consistunt:
986 1559 1035 1596 ab
1067 1571 1116 1597 eo
1151 1558 1333 1598 invidiam
1366 1558 1490 1597 disce-

239 1626 329 1665 dere
363 1623 580 1673 ahquando,
613 1624 664 1662 ad
698 1636 814 1674 quem
847 1635 1062 1673 numquam
1095 1625 1303 1663 accessisse
1335 1623 1489 1674 culpam

237 1690 379 1728 videtis.

293 1759 354 1794 31.
412 1756 474 1801 84.
502 1753 556 1792 At
575 1753 679 1792 enim
703 1753 907 1804 pecuniam
932 1753 1087 1792 Staieno
1113 1753 1217 1792 dedit
1236 1753 1487 1804 Oppianicus,

182 1836 222 1870 25
238 1833 319 1859 non
350 1819 400 1858 ad
427 1819 752 1868 corrumpendum
780 1818 973 1865 iudicium,
1000 1819 1069 1856 sed
1098 1818 1148 1857 ad
1177 1819 1489 1858 conciliationem

237 1884 558 1937 gratiae—Tene
578 1884 665 1930 hoc,
684 1883 776 1931 Atti,
797 1883 934 1930 dicere,
954 1883 1018 1922 tali
1043 1884 1258 1934 prudentia,
1279 1885 1393 1922 etiarn
1415 1895 1489 1922 usu

237 1957 351 2001 atque
398 1949 669 1988 exercitatione
719 1949 961 1999 praeditum?
1019 1948 1351 2000 Sapientissimum
1401 1961 1488 1988 esse

238 2017 372 2056 dicunt
399 2027 499 2061 eum,
529 2015 602 2061 cui,
631 2014 737 2065 quod
765 2025 866 2064 opus
895 2014 952 2061 sit,
981 2013 1054 2065 ipsi
1079 2014 1204 2053 veniat
1227 2015 1266 2051 in
1292 2019 1462 2052 mentem
1475 2026 1486 2062 ;

237 2081 412 2132 proxime
433 2079 615 2118 accedere
634 2079 750 2126 illum,
771 2080 836 2130 qui
862 2079 1012 2118 alterius
1031 2079 1131 2118 bene
1156 2079 1318 2117 inventis
1337 2080 1492 2118 obtem-

180 2164 224 2196 30
239 2152 355 2198 peret.
412 2144 461 2182 In
481 2145 633 2183 stultitia
653 2150 787 2183 contra
806 2150 874 2183 est.
930 2144 1062 2183 Minus
1081 2145 1184 2183 enim
1205 2144 1339 2183 stultus
1365 2150 1424 2183 est
1442 2144 1487 2193 is,

239 2214 300 2252 cui
330 2210 422 2249 nihil
452 2210 491 2247 in
523 2216 692 2248 mentem
726 2211 837 2258 venit,
872 2222 990 2261 quam
1022 2210 1093 2256 ille,
1128 2211 1204 2260 qui,
1238 2210 1345 2260 quod
1374 2210 1488 2249 stulte

238 2278 344 2318 alteri
364 2277 465 2316 venit
484 2277 524 2314 in
542 2282 724 2323 mentem,
745 2276 983 2327 comprobat,
1040 2275 1160 2315 Istam
1179 2274 1487 2314 conciliationem
