1650 2554
259 170 338 199 110
623 167 672 202 M.
698 166 854 199 TULLII
883 168 1133 200 CICERONIS
1284 179 1338 203 oo.-
1356 172 1509 204 48—45.

256 273 347 311 alter
366 273 517 311 alterius
541 273 724 312 iudicium
752 286 833 312 non
861 274 981 313 modo
1010 274 1277 324 reprehendat,
1298 274 1372 314 sed'
1395 275 1511 314 etiam

254 339 468 377 rescindat:
498 345 539 376 ut
568 339 661 377 alter
681 339 729 377 de
758 346 893 377 senatu
912 352 1067 378 movere
1097 340 1196 387 velit,
1217 340 1311 378 alter
1338 340 1510 387 retineat,

254 410 291 441 et
319 404 455 442 ordine
483 404 722 454 amplissimo
742 404 903 454 dignum
924 406 1116 444 existimet
1135 419 1144 443 z
1173 412 1215 444 ut
1233 406 1325 444 alter
1343 406 1384 444 in
1402 417 1509 444 aera-

253 469 331 507 rios
360 469 498 515 referri,
519 476 584 507 aut
612 470 712 508 tribu
742 471 887 508 moveri
918 471 1058 517 iubeat,
1090 471 1182 509 alter
1212 477 1323 509 vetet.
1379 470 1510 518 Quare

215 550 233 582 5
250 535 316 584 qui
344 536 454 573 vobis
485 535 523 572 in
551 541 723 572 mentem
752 535 865 581 venit,
895 535 989 573 haec
1019 535 1211 586 appellare
1239 535 1391 582 iudicia,
1410 547 1510 585 quae

252 612 275 638 a
304 601 450 650 populo
489 599 671 638 Romano
710 600 889 647 rescindi,
921 601 970 638 ab
1005 601 1133 639 iuratis
1170 600 1358 639 iudicibus
1395 612 1510 650 repu-

255 665 359 712 diari,
380 678 403 703 a
431 666 716 715 magistratibus
745 666 900 715 negligi,
922 667 971 704 ab
999 666 1056 712 iis,
1078 667 1142 716 qui
1170 666 1335 705 eandem
1363 672 1510 716 potest-

252 738 353 769 atem
384 731 514 781 adepti
552 738 649 778 sunt,
683 732 923 777 commutari,
955 732 1054 770 inter
1092 732 1259 782 collegas
1293 732 1508 782 discrepare

249 796 435 834 videatis?

200 878 238 899 10
307 865 376 900 44.
414 875 497 910 123.
528 860 640 908 Quae
666 873 786 912 quum
814 862 866 899 ita
895 862 980 908 sint,
1000 862 1210 908 videamus,
1231 861 1323 912 quid
1350 861 1509 901 tandem

252 939 433 965 censores
454 927 501 964 de
522 926 586 964 illo
615 927 755 964 iudicio
785 933 967 976 corrupto
997 927 1186 965 iudicasse
1205 926 1388 965 dicantur.
1445 927 1507 965 Ac

250 992 418 1042 primum
438 991 531 1030 illud
551 998 786 1030 statuamus:
816 1000 954 1038 utrum,
976 992 1065 1042 quia
1085 1003 1265 1030 censores
1293 992 1507 1042 subscrips-

251 1058 358 1103 erint,
388 1057 440 1095 ita
469 1057 538 1095 sit:
576 1069 637 1102 an,
668 1057 758 1106 quia
788 1057 839 1095 ita
869 1057 992 1104 fuerit,
1022 1057 1073 1094 illi
1103 1057 1407 1106 subscripserint.
1466 1056 1507 1095 Si

251 1123 352 1170 ideo,
391 1123 482 1172 quia
530 1122 844 1171 subscripserint:
893 1122 1027 1164 videte,
1067 1121 1160 1172 quid
1198 1122 1331 1172 agatis,
1370 1134 1420 1160 ne
1465 1122 1506 1159 in
1545 1127 1549 1133 “

197 1203 234 1235 ¹5
251 1199 567 1238 unumquemque
597 1194 773 1225 nostrum
802 1187 1026 1225 censoribus
1057 1187 1097 1224 in
1130 1193 1329 1237 posterum
1361 1193 1506 1237 potest-

250 1259 352 1291 atem
390 1252 536 1302 regiam
569 1252 816 1302 permittatis:
855 1264 904 1290 ne
943 1252 1173 1302 subscriptio
1211 1252 1388 1290 censoria
1423 1262 1506 1289 non

249 1319 376 1356 minus
415 1317 638 1356 calamitatis
678 1317 833 1363 civibus,
864 1329 981 1368 quam
1019 1317 1082 1355 illa
1120 1317 1366 1356 acerbissima
1397 1328 1507 1367 pros-

250 1384 385 1434 criptio
405 1383 527 1433 possit
547 1383 703 1421 afferre:
734 1395 784 1420 ne
813 1383 1035 1421 censorium
1062 1383 1200 1430 stilum,
1222 1382 1331 1421 cuius
1350 1393 1504 1420 mucro-

250 1461 341 1487 nem
377 1448 504 1487 multis
543 1448 720 1486 remediis
758 1448 922 1486 maiores
960 1447 1079 1486 nostri
1117 1448 1349 1494 retuderunt,
1383 1458 1506 1496 aeque

196 1531 235 1552 20
250 1514 413 1564 posthac
442 1521 554 1563 atque
584 1513 688 1551 illum
710 1513 951 1552 dictatorium
979 1513 1150 1563 gladium
1177 1512 1505 1563 pertimescamus.

255 1591 341 1626 124.
373 1578 440 1617 Sin
469 1585 609 1625 autem,
638 1578 745 1628 quod
773 1578 1033 1628 subscriptum
1061 1584 1129 1624 est,
1159 1577 1249 1628 quia
1276 1589 1407 1616 verum
1436 1582 1504 1620 est,

251 1644 393 1682 idcirco
422 1656 537 1693 grave
567 1644 681 1682 debet
708 1655 815 1681 esse:
845 1643 921 1681 hoc
950 1654 1193 1692 quaeramus,
1214 1654 1347 1680 verum
1375 1642 1434 1688 sit,
1454 1653 1505 1680 an

250 1709 408 1748 falsum:
447 1715 714 1746 removeantur
747 1709 990 1746 auctoritates
1029 1708 1248 1746 censoriae:
1287 1707 1438 1745 tollatur
1466 1706 1506 1745 id

251 1787 297 1812 ex
328 1786 453 1821 causa,
474 1773 579 1824 quod
608 1773 647 1810 in
668 1784 784 1810 causa
811 1784 892 1810 non
921 1779 1001 1811 est:
1034 1772 1144 1818 doce,
1164 1784 1281 1822 quam
1300 1772 1507 1822 pecuniam

195 1856 233 1888 ²5
252 1839 450 1878 Cluentius
481 1838 637 1883 dederit,
664 1838 768 1876 unde
798 1837 955 1884 dederit,
976 1837 1307 1887 quemadmodum
1336 1837 1505 1876 dederit:

249 1917 370 1943 unum
406 1904 572 1954 denique
610 1902 766 1953 aliquod
804 1915 827 1941 a
866 1902 1045 1941 Cluentio
1085 1902 1280 1952 profectae
1317 1903 1504 1952 pecuniae

249 1970 450 2020 vestigium
482 1969 652 2007 ostende.
711 1967 835 2006 Vince
867 1968 1019 2014 deinde,
1050 1968 1172 2006 virum
1202 1968 1350 2006 bonum
1387 1966 1506 2005 fuisse

251 2035 524 2085 Oppianicum,
553 2033 754 2071 hominem
782 2033 995 2083 integrum:
1026 2033 1120 2070 nihil
1149 2033 1197 2071 de
1225 2032 1289 2070 illo
1320 2043 1506 2082 umquam

252 2110 364 2137 secus
411 2108 495 2134 esse
534 2096 813 2134 existimatum:
858 2094 951 2132 nihil
988 2094 1153 2144 denique
1191 2093 1504 2144 praeiudicatum.

194 2181 237 2211 30
253 2163 358 2201 Tum
396 2162 659 2200 auctoritatem
697 2171 903 2199 censorum
940 2159 1182 2210 amplexato:
1229 2164 1312 2197 tum
1353 2158 1506 2197 illorum

251 2229 431 2267 iudicium
451 2239 539 2266 cum
561 2239 601 2265 re
629 2226 880 2265 coniunctum
909 2237 994 2264 esse
1013 2225 1222 2264 defendito.
1283 2234 1369 2273 125.
1398 2224 1504 2264 Dum

251 2311 341 2337 vero
370 2310 459 2337 eum
487 2297 603 2336 fuisse
624 2295 882 2347 Oppianicum
911 2295 1112 2342 constabit,
1133 2295 1199 2346 qui
1227 2295 1376 2335 tabulas
1404 2295 1503 2346 pub-

1604 2131 1609 2138 l

1598 2144 1625 2392 ς

1588 2392 1617 2554 l
