1650 2554
277 178 359 219 144
406 175 457 207 M.
479 174 518 207 Τ.
537 175 786 207 CICERONIS
809 173 899 206 ORA
909 174 946 207 T.
964 174 1059 206 PRO
1078 173 1123 205 A.
1142 173 1383 208 CLUENTIO.
1424 185 1455 207 c.
1470 177 1524 209 71.

274 283 490 329 excitatam,
511 294 579 332 spe
599 287 745 320 vestrae
764 281 966 331 aequitatis
986 280 1130 331 erigere
1150 281 1334 327 animum,
1353 286 1391 319 et
1416 280 1524 330 paul-

274 347 354 385 lum
383 347 569 397 respirare
599 360 622 386 a
651 354 758 385 metu
788 348 937 396 coepit:
977 347 1038 384 cui
1071 346 1197 396 posita
1230 351 1317 384 sunt
1347 345 1386 383 in
1414 345 1525 383 vobis

275 414 427 451 omnia:
457 426 572 463 quern
594 419 783 451 servatum
807 425 892 451 esse
921 413 1073 462 plurimi
1094 412 1261 462 cupiunt,
1283 424 1433 450 servare
1453 411 1525 450 soli

273 473 343 517 vos
375 480 547 529 potestis.
613 491 699 516 201.
730 478 827 517 Orat
859 490 929 516 vos
961 477 1140 523 Habitus,
1171 478 1327 524 iudices,
1358 483 1396 515 et
1428 476 1526 515 flens

239 560 257 591 5
275 545 449 582 obsecrat
475 557 525 582 ne
551 556 592 582 se
620 544 781 581 invidiae
808 556 906 593 quae
929 544 969 580 in
988 542 1138 581 iudiciis
1157 543 1280 581 valere
1300 555 1380 581 non
1400 543 1524 589 debet,

274 621 324 647 ne
343 610 465 655 matri,
484 610 591 647 cuius
606 616 694 647 vota
713 615 749 647 et
769 621 903 659 preces
923 622 945 647 a
963 608 1096 646 vestris
1115 609 1307 646 mentibus
1326 607 1525 658 repudiare

275 674 434 721 debetis,
461 687 510 712 ne
540 674 770 724 Oppianico,
799 673 948 712 homini
976 673 1134 717 nefario,
1163 673 1423 712 condemnato
1448 673 1525 711 iam

275 745 313 777 et
331 746 498 782 mortuo,
521 740 764 778 condonetis.

328 808 390 844 71.
429 804 549 852 Quod
569 805 600 843 si
624 817 701 854 qua
727 805 923 843 calamitas
948 804 1050 843 hunc
1075 805 1115 842 in
1143 804 1219 842 hoc
1241 803 1383 842 iudicio
1406 803 1526 842 afflix-

221 870 345 908 merit
381 871 653 909 innocentem:
698 883 770 909 nae
808 871 877 910 iste
914 871 1038 917 miser,
1073 871 1227 917 iudices,
1262 871 1305 917 si,
1343 869 1383 908 id
1419 870 1526 921 quod

275 936 426 974 difficile
459 935 562 975 factu
595 942 665 982 est,
698 936 737 973 in
774 937 851 974 vita
885 936 1108 983 remanebit,
1143 948 1260 986 saepe
1294 942 1332 975 et
1356 936 1525 974 -multum

275 1008 464 1051 queretur,
489 1002 773 1052 deprehensum
800 1014 886 1040 esse
914 1002 1006 1040 illud
1033 1002 1231 1052 quondam
1257 1002 1527 1040 Fabricianum

275 1078 476 1104 venenum.
536 1066 657 1114 Quod
682 1067 711 1105 si
737 1073 819 1104 tum
846 1067 1055 1105 indicatum
1084 1080 1165 1106 non
1194 1074 1306 1114 esset,
1329 1080 1410 1106 non
1438 1068 1526 1106 huic

276 1133 617 1172 aerumnosissimo
659 1145 851 1170 venenum
892 1133 984 1171 illud
1026 1133 1169 1179 fuisset,
1211 1133 1280 1171 sed
1319 1133 1527 1171 multorum

224 1212 260 1243 15
278 1197 605 1235 medicamentum
627 1198 825 1235 laborum:
854 1204 1051 1246 postremo
1077 1199 1192 1236 etiam
1218 1197 1388 1236 fortassis
1407 1204 1528 1236 mater

277 1263 480 1312 exsequias
507 1263 604 1301 illius
633 1263 775 1301 funeris
803 1269 1020 1312 prosecuta,
1045 1269 1209 1300 mortem
1238 1274 1278 1300 se
1307 1262 1372 1299 filii
1398 1262 1528 1312 lugere

279 1328 505 1366 simulasset.
562 1327 678 1366 Nunc
697 1340 786 1366 vero
806 1327 899 1378 quid
922 1328 990 1365 erit
1012 1327 1241 1377 profectum,
1261 1327 1335 1365 nisi
1353 1333 1396 1365 ut
1417 1326 1529 1365 huius

278 1406 326 1431 ex
345 1394 482 1432 mediis
501 1394 636 1432 mortis
656 1394 802 1431 insidiis
821 1394 896 1431 vita
922 1393 972 1431 ad
997 1393 1142 1431 luctum
1165 1399 1402 1440 conservata,
1422 1401 1528 1431 mors

279 1459 454 1509 sepulcro
474 1460 593 1509 patris
618 1460 763 1510 privata
782 1471 865 1497 esse
884 1459 1080 1497 videatur?
1139 1470 1227 1496 202.
1258 1457 1357 1496 Satis
1377 1458 1442 1496 diu
1459 1458 1530 1497 fuit

224 1525 319 1562 zoin
345 1525 518 1571 miseriis,
542 1525 708 1563 iudices:
743 1525 834 1563 satis
862 1524 1003 1562 multos
1027 1535 1151 1562 annos
1179 1536 1227 1562 ex
1254 1523 1395 1561 invidia
1421 1523 1528 1562 labo-

278 1590 381 1627 ravit.
444 1589 572 1628 Nemo
603 1590 693 1628 huie
726 1596 805 1627 tarn
837 1590 1001 1639 iniquus,
1035 1594 1185 1639 praeter
1216 1594 1415 1638 parentem
1447 1588 1528 1635 fuit,

279 1655 387 1692 cuius
411 1655 583 1692 animum
608 1667 688 1692 non
715 1656 792 1692 iam
817 1655 1010 1704 expletum
1031 1666 1115 1692 esse
1135 1659 1335 1703 putemus:
1362 1665 1443 1700 vos,
1463 1654 1529 1704 qui

279 1720 391 1769 aequi
415 1720 505 1757 estis
528 1720 719 1765 omnibus,
741 1720 817 1769 qui,
837 1726 879 1757 ut
905 1720 1068 1768 quisque
1091 1718 1350 1756 crudelissime
1375 1730 1528 1768 oppug-

280 1791 401 1831 natur,
422 1797 510 1822 eum
530 1784 722 1823 lenissime
742 1784 956 1829 sublevatis,
977 1789 1199 1822 conservate
1219 1782 1265 1821 A.
1287 1782 1528 1822 Cluentium:

229 1866 266 1897 ²5
283 1849 466 1888 restituite
495 1849 729 1887 incolumem
757 1850 994 1899 municipio:
1032 1848 1176 1894 amicis,
1200 1848 1345 1894 vicinis,
1367 1847 1528 1898 hospiti-

280 1916 362 1962 bus,
387 1927 551 1964 quorum
579 1914 703 1953 studia
728 1915 873 1961 videtis,
898 1914 1066 1952 reddite:
1095 1913 1205 1952 vobis
1232 1913 1272 1951 in
1300 1919 1528 1963 perpetuum

280 1980 481 2030 liberisque
509 1980 642 2018 vestris
670 1980 906 2029 obstringite.
961 1979 1141 2017 Vestrum
1170 1984 1227 2016 est
1254 1978 1341 2024 hoc,
1370 1977 1526 2024 iudices,

281 2051 427 2084 vestrae
447 2045 652 2094 dignitatis,
671 2052 818 2083 vestrae
842 2044 1087 2083 clementiae:
1116 2049 1217 2081 recte
1245 2042 1320 2081 hoc
1348 2043 1530 2093 repetitur

282 2123 306 2149 a
332 2111 453 2156 vobis,
477 2116 519 2147 ut
546 2110 668 2147 virum
697 2111 888 2160 optimum
917 2115 1030 2159 atque
1058 2108 1426 2154 innocentissimum,
1445 2108 1529 2158 plu-

225 2192 268 2222 30
282 2176 463 2225 rimisque
483 2175 708 2213 mortalibus
731 2187 863 2213 carum
891 2181 1003 2225 atque
1029 2173 1357 2219 iucundissimum,
1377 2172 1436 2211 his
1462 2171 1528 2210 ali-

283 2241 441 2291 quando
469 2240 745 2278 calamitatibus
774 2241 959 2278 liberetis:
997 2245 1038 2277 ut
1071 2250 1207 2276 omnes
1239 2237 1459 2287 intelligant,
1488 2237 1528 2276 in

284 2306 537 2345 concionibus
556 2317 642 2345 esse
661 2306 823 2344 invidiae
842 2306 982 2352 locum,
1002 2305 1042 2343 in
1061 2304 1207 2343 iudiciis
1225 2303 1382 2342 veritati.
