1650 2554
179 177 220 215 ⁵5
239 175 420 216 185—190.
477 173 657 206 ORATIO
685 173 781 205 PRO
809 170 856 206 A.
886 171 1129 206 GLUENTIO.
1343 173 1423 222 139

177 276 291 317 Mitto
327 279 430 317 illam
466 278 632 329 primam
667 278 833 317 libidinis
870 278 1070 316 iniuriam:
1114 278 1223 316 mitto
1260 278 1423 317 nefarias

175 343 307 394 generi
325 344 501 394 nuptias:
529 344 640 382 mitto
659 344 864 393 cupiditate
889 344 1019 381 matris
1038 343 1237 393 expulsam
1257 355 1304 381 ex
1323 351 1422 381 mat-

174 409 339 446 rimonio
359 409 498 446 filiam:
526 396 625 458 quae
644 409 820 446 nondum
839 408 888 447 ad
907 409 1064 446 huiusce
1082 408 1181 445 vitae
1198 408 1421 458 periculum,

175 473 245 512 sed
279 474 333 512 ad
370 486 575 512 commune
608 474 772 512 familiae
805 473 972 512 dedecus
1009 473 1262 523 pertinebant.
1319 473 1425 511 Nihil

176 538 225 576 de
255 538 378 577 alteris
407 538 615 588 Oppianici
646 539 787 588 nuptiis
817 550 978 588 queror:
1011 549 1173 588 quarum
1203 538 1266 576 illa
1297 550 1416 587 quum
1433 552 1451 584 5

175 604 330 643 obsides
355 604 452 642 filios
482 605 530 642 ab
559 616 607 642 eo
634 611 808 642 mortuos
834 605 1055 654 accepisset,
1077 611 1158 641 tum
1187 603 1352 653 denique
1381 604 1421 641 in

175 669 338 707 familiae
380 670 523 708 luctum
565 676 679 719 atque
725 669 766 706 in
811 670 1072 719 privignorum
1119 668 1233 706 funus
1280 669 1422 718 nupsit.

174 733 388 780 Praetereo,
427 734 532 784 quod
569 734 744 780 Aurium,
783 734 891 772 cuius
934 734 996 771 illa
1030 733 1230 783 quondam
1277 745 1421 780 socrus,

175 799 304 848 paullo
342 806 430 837 ante
470 811 568 837 uxor
605 799 748 846 fuisset,
782 810 902 847 quum
935 798 1141 848 Oppianici
1178 810 1263 836 esse
1302 810 1422 848 opera

176 864 431 915 proscriptum
464 865 712 914 occisumque
746 869 1009 913 cognosceret,
1039 875 1125 900 eam
1158 864 1228 901 sibi
1260 863 1421 902 domum
1440 879 1479 901 10

177 928 386 978 sedemque
418 926 619 981 [coniugii]
655 928 805 977 delegit,
838 928 877 965 in
909 939 986 977 qua
1015 927 1186 977 quotidie
1218 928 1423 978 superioris

176 993 244 1031 viri
275 994 408 1031 mortis
441 993 590 1039 indicia,
626 1000 663 1031 et
697 993 820 1042 spolia
852 992 1090 1030 fortunarum
1123 993 1275 1030 videret.
1337 995 1423 1042 189.

177 1057 277 1096 Illud
304 1059 469 1108 primum
492 1070 643 1107 queror,
664 1058 711 1096 de
738 1058 800 1095 illo
825 1057 978 1103 scelere,
999 1057 1105 1107 quod
1128 1070 1231 1096 nunc
1256 1058 1422 1108 denique

177 1123 407 1173 patefactum
427 1129 495 1169 est,
515 1122 730 1160 Fabriciani
749 1123 906 1160 veneni:
937 1123 1042 1172 quod
1070 1123 1147 1160 iam
1170 1129 1252 1160 tum
1275 1135 1422 1169 recens,

178 1188 434 1237 suspiciosum
463 1189 608 1233 ceteris,
632 1187 720 1226 huic
746 1187 976 1233 incredibile,
1002 1199 1106 1225 nunc
1131 1200 1221 1226 vero
1248 1195 1423 1238 apertum
1441 1203 1479 1236 ¹5

178 1254 255 1291 iam
277 1254 459 1291 omnibus
487 1265 533 1291 ac
558 1253 806 1291 manifestum
829 1253 987 1291 videtur.
1045 1252 1138 1291 Non
1166 1259 1224 1291 est
1251 1253 1426 1303 profecto

179 1319 228 1358 de
250 1319 314 1356 illo
332 1330 483 1356 veneno
509 1318 630 1356 celata
654 1324 798 1356 mater:
826 1317 918 1355 nihil
943 1323 1001 1355 est
1026 1319 1075 1355 ab
1096 1317 1316 1368 Oppianico
1336 1319 1424 1356 'sine

67 1394 82 1410 ²
117 1420 120 1423 ,
180 1383 340 1422 consilio
368 1383 533 1421 mulieris
562 1383 792 1432 cogitatum:
827 1382 933 1433 quod
961 1383 1034 1420 nisi
1062 1389 1174 1429 esset,
1204 1390 1304 1421 certe
1333 1395 1424 1433 pos-

179 1456 252 1494 tea,
282 1448 524 1498 deprehensa
550 1460 602 1493 re,
626 1459 706 1485 non
731 1447 794 1484 illa
821 1454 864 1485 ut
892 1448 940 1485 ab
969 1448 1148 1497 improbo
1176 1449 1256 1486 viro
1286 1449 1427 1487 disces-

180 1515 303 1560 sisset,
332 1513 400 1551 sed
432 1519 474 1550 ut
507 1525 530 1550 a
557 1513 820 1551 crudelissimo
848 1513 958 1551 hoste
986 1513 1156 1563 fugisset,
1188 1515 1425 1566 domumque
1442 1531 1483 1554 20

180 1579 294 1625 illam,
316 1578 354 1615 in
379 1585 619 1627 perpetuum.
645 1578 786 1616 scelere
815 1578 923 1616 omni
951 1578 1180 1626 affluentem,
1200 1580 1423 1629 reliquisset.

186 1656 271 1692 ¹90·
304 1642 396 1680 Non
415 1642 534 1680 modo
554 1642 593 1680 id
613 1654 692 1680 non
712 1642 811 1688 fecit,
833 1642 901 1680 sed
921 1644 969 1681 ab
989 1643 1053 1682 illo
1079 1650 1255 1694 ternpore
1280 1645 1435 1684 nullumx

180 1708 308 1746 locum
328 1707 589 1756 praetermisit,
609 1707 649 1744 in
668 1719 747 1756 quo
767 1719 847 1745 non
873 1708 1073 1746 instrueret
1093 1709 1248 1747 insidias
1269 1710 1426 1760 aliquas,

181 1784 227 1811 ac
255 1772 335 1810 dies
363 1783 501 1809 omnes
530 1783 575 1809 ac
603 1778 735 1810 noctes
763 1778 844 1810 tota
871 1779 999 1810 mente
1029 1780 1150 1811 mater
1178 1774 1226 1811 de
1258 1776 1426 1824 pernicie

181 1836 246 1875 filii
266 1838 459 1886 cogitaret.
509 1835 619 1883 Quae
639 1837 813 1886 primum
825 1844 867 1875 ut
885 1837 1000 1876 istum
1020 1838 1263 1877 confirmaret
1277 1838 1425 1890 Oppia·
1442 1856 1457 1878 2
1462 1855 1480 1888 5

181 1903 310 1940 nicum
338 1908 599 1940 accusatorem
628 1901 705 1940 filio
733 1914 816 1948 suo,
844 1902 967 1949 donis,
996 1903 1231 1950 muneribus,
1261 1904 1424 1943 colloca-

181 1967 286 2006 tione
306 1966 415 2011 filiae,
436 1978 504 2016 spe
522 1966 740 2004 hereditatis
759 1967 972 2006 obstrinxit.

235 2035 304 2071 67.
347 2031 407 2069 Ita
439 2031 544 2081 quod
581 2031 683 2081 apud
720 2038 880 2078 ceteros,
914 2032 1024 2071 novis
1057 2033 1157 2072 inter
1187 2035 1426 2085 propinquos

185 2096 370 2146 susceptis
389 2096 605 2142 inimicitiis,
625 2108 740 2146 saepe
769 2096 847 2134 fieri
877 2097 1036 2136 divortia
1061 2106 1176 2149 atque
1202 2099 1427 2138 affinitatum

184 2160 342 2199 discidia
358 2161 552 2222 videmus:
581 2160 677 2199 haec
704 2161 838 2199 mulier
865 2162 954 2200 satis
983 2163 1136 2202 firmum
1163 2171 1427 2202 accusatorem
1443 2181 1485 2212 30

184 2224 262 2262 filio
280 2236 351 2263 suo
374 2224 455 2263 fore
480 2226 673 2264 neminem
701 2226 855 2277 putavit,
875 2227 948 2265 nisi
975 2229 1042 2278 qui
1069 2229 1110 2266 in
1138 2229 1426 2268 matrimonium

185 2299 356 2328 sororem
392 2290 472 2329 eius
509 2297 598 2330 ante
636 2290 816 2330 duxisset.
881 2291 1008 2331 Ceteri
1041 2293 1152 2331 novis
1183 2292 1426 2334 affinitatibus
