1650 2554
253 148 331 190 106
615 159 667 191 M.
694 159 852 190 TULLII
881 160 1130 192 CICERONIS
1280 171 1332 194 ω.
1352 163 1507 194 40-42.

251 270 387 302 natura
423 263 528 310 boni,
557 264 742 314 prodesse
781 265 815 303 ei
849 272 1027 315 putarent
1064 271 1254 316 oportere,
1284 266 1504 316 superbiam

252 335 380 367 autem
414 336 528 379 atque
562 331 820 380 arrogantiam
851 331 933 368 eius
966 331 1217 369 deridendam
1247 331 1371 381 magis
1403 331 1503 369 arbi-

252 401 438 433 trarentur
470 402 628 446 propter
660 380 914 434 humilitatem
943 396 1122 442 hominis,
1153 408 1271 446 quam
1303 397 1502 447 pertimes-

251 460 426 499 cendam.

214 540 230 572 5
302 529 366 564 41.
397 525 486 574 Sed,
511 533 553 565 ut
584 527 671 565 illuc
705 534 898 565 revertar:
933 539 1011 577 quo
1042 534 1215 577 tempore
1245 526 1503 565 Fidiculanius

251 597 308 628 est
336 591 546 639 absolutus,
573 599 614 630 tu
643 593 707 642 qui
737 593 877 630 iudicia
906 592 1006 630 facta
1033 603 1326 637 commemoras,
1348 603 1502 642 quaero,

251 656 345 705 quid
377 663 460 695 tum
493 670 579 696 esse
609 658 804 696 existimas
841 657 1080 696 iudicatum?
1119 664 1220 695 certe
1253 658 1370 706 gratis
1407 657 1504 695 iudi-

252 733 522 771 casse—113.
550 723 603 760 At
641 723 945 761 condemnarat:
995 730 1033 760 at
1070 734 1226 760 causam
1263 729 1385 760 totam
1423 734 1504 760 non

253 786 444 825 audierat:
474 794 512 825 at
540 788 579 826 in
600 788 853 826 concionibus
879 788 1059 825 omnibus
1087 799 1110 824 a
1138 787 1183 824 L.
1205 786 1364 834 Quintio
1393 787 1504 826 vehe-

198 867 237 890 10
252 858 400 890 menter
420 859 500 890 erat
518 859 555 891 et
575 865 691 903 saepe
711 859 880 890 vexatus.
929 852 1000 890 Illa
1019 853 1131 902 igitur
1146 853 1277 890 omnia
1293 852 1505 899 Quintiana

251 918 392 968 iniqua,
423 917 528 964 falsa,
559 913 787 964 turbulenta,
807 918 1017 967 popularia,
1048 917 1230 955 seditiosa
1257 917 1396 955 iudicia
1424 916 1504 955 fue-

250 982 523 1021 runt—Esto:
562 984 688 1033 potuit
724 996 809 1021 esse
847 983 1036 1020 innocens
1064 982 1229 1020 Falcula.
1286 982 1372 1020 Iam
1410 994 1503 1032 ergo

253 1049 389 1098 aliquis
424 1048 684 1098 Oppianicum
721 1049 838 1098 gratis
876 1048 1175 1086 condemnavit:
1214 1049 1292 1086 iam
1323 1060 1406 1086 non
1436 1059 1504 1086 eos

252 1114 386 1152 Iunius
406 1114 634 1152 subsortitus
654 1121 721 1160 est,
739 1114 804 1163 qui
820 1113 983 1163 pecunia
1002 1119 1162 1162 accepta
1181 1112 1502 1151 condemnarent:

197 1179 328 1225 15iam
348 1179 470 1228 potuit
499 1179 635 1228 aliquis
664 1180 714 1217 ab
733 1179 840 1216 initio
870 1190 950 1216 non
980 1178 1135 1224 sedisse,
1156 1184 1194 1215 et
1220 1184 1352 1216 tamen
1381 1177 1504 1229 Oppi-

252 1244 406 1282 anicum
421 1244 538 1293 gratis
554 1244 847 1282 condemnasse.
905 1243 1064 1289 Verum,
1080 1243 1112 1280 si
1132 1243 1319 1281 innocens
1334 1243 1502 1286 Falcula,

252 1321 408 1360 quaero,
444 1310 530 1359 quis
567 1310 742 1348 nocens?
781 1309 812 1347 si
849 1308 911 1346 hic
948 1308 1064 1358 gratis
1103 1308 1385 1355 condemnavit,
1417 1309 1503 1359 quis

252 1375 426 1425 accepit?
481 1374 597 1424 Nego
630 1387 713 1413 rem
743 1386 828 1412 esse
858 1374 975 1412 ullam
1013 1375 1053 1411 in
1087 1385 1323 1424 quemquam
1352 1373 1504 1412 illorum

252 1441 454 1486 obiectam,
476 1452 575 1490 quae
595 1439 832 1478 Fidiculanio
853 1439 1005 1477 obiecta
1024 1450 1105 1476 non
1125 1439 1192 1476 sit:
1223 1439 1367 1489 aliquid
1386 1439 1503 1477 fuisse

197 1522 236 1544 20
252 1507 291 1543 in
310 1505 535 1543 Fidiculanii
563 1516 690 1551 causa,
711 1504 817 1554 quod
837 1504 940 1542 idem
967 1515 1048 1541 non
1077 1510 1178 1542 esset
1205 1504 1245 1541 in
1273 1510 1502 1542 ceterorum.

258 1583 343 1617 114.
373 1570 452 1608 Aut
479 1570 555 1608 hoc
593 1570 776 1608 iudicium
804 1569 1063 1619 reprehendas
1092 1575 1144 1615 tu,
1173 1569 1281 1608 cuius
1309 1570 1503 1608 accusatio

250 1638 366 1675 rebus
399 1636 574 1674 iudicatis
604 1636 673 1673 niti
702 1635 911 1677 videbatur,
943 1647 1103 1673 necesse
1136 1641 1218 1673 est:
1257 1641 1333 1681 aut,
1365 1635 1396 1673 si
1427 1635 1503 1673 hoc

251 1714 383 1740 verum
414 1713 498 1739 esse
531 1700 723 1746 concedis,
754 1699 1015 1749 Oppianicum
1053 1700 1169 1748 gratis
1201 1699 1503 1738 condemnatum

250 1779 335 1806 esse
354 1766 506 1804 fateare.

198 1849 235 1881 25
307 1831 556 1880 Quamquam
586 1831 676 1868 satis
704 1841 849 1878 magno
879 1835 1107 1878 argumento
1136 1840 1222 1867 esse
1251 1828 1376 1875 debet,
1397 1830 1503 1879 quod

251 1910 298 1936 ex
336 1903 415 1935 tam
453 1895 580 1933 multis
618 1895 816 1941 iudicibus,
846 1894 1022 1932 absoluto
1060 1893 1228 1939 Falcula,
1262 1906 1379 1932 nemo
1416 1907 1502 1933 reus

249 1963 372 2001 factus
401 1968 470 1999 est.
527 1960 633 2008 Quid
652 1961 755 1998 enim
774 1960 867 1997 mihi
889 1960 1093 1998 damnatos
1122 1959 1286 1997 ambitus
1315 1959 1500 2010 colligitis,

250 2028 323 2066 alia
366 2027 462 2076 lege,
502 2026 613 2064 certis
660 2025 894 2071 criminibus,
932 2024 1104 2073 plurimis
1149 2024 1335 2063 testibus?
1382 2036 1500 2074 quum

250 2093 416 2143 primum
454 2091 504 2129 illi
542 2091 614 2140 ipsi
645 2091 845 2128 debuerint
874 2090 1003 2139 potius
1041 2089 1212 2127 accusari
1241 2089 1289 2127 de
1326 2091 1502 2139 pecuniis

193 2174 236 2206 30
251 2157 484 2209 repetundis,
514 2167 631 2206 quarn
660 2155 838 2192 ambitus.
896 2153 1010 2200 Nam,
1031 2153 1063 2191 si
1091 2153 1130 2190 in
1158 2153 1324 2191 ambitus
1353 2154 1501 2193 iudiciis

250 2224 326 2262 hoc
353 2223 412 2261 his
440 2221 573 2267 obfuit,
604 2232 724 2270 quum
752 2219 826 2258 alia
857 2220 942 2270 lege
970 2230 1128 2256 causam
1156 2218 1348 2257 dicerent:
1387 2226 1499 2266 certe,

251 2290 283 2328 si
311 2288 467 2341 propria
493 2286 578 2337 lege
606 2285 718 2324 huius
746 2285 894 2335 peccati
924 2283 1076 2323 adducti
1105 2289 1244 2330 essent,
1264 2283 1384 2323 multo
1412 2283 1500 2335 plus
