1650 2554
157 171 196 214 55
216 179 356 215 92-97,
457 172 633 205 ORATIO
662 173 758 205 PRO
786 172 832 205 A.
853 171 1098 203 CLUENTIO.
1350 176 1404 219 99

1402 250 1406 264 ⁴

153 290 261 316 reum
281 289 436 316 causam
456 278 592 323 dicere,
613 289 732 328 quum
751 277 964 316 adversario
984 277 1066 313 eius
1085 274 1135 313 ad
1154 275 1211 312 ius
1241 287 1396 313 accusa-

154 342 268 380 tionis
287 354 439 381 summa
457 343 512 381 vis
531 344 729 393 potestatis
749 342 958 381 accederet.

207 411 274 446 35.
306 417 368 456 95.
393 407 523 454 Quam
562 408 717 458 quidem
754 408 942 445 rationem
979 418 1058 453 vos,
1098 406 1252 452 iudices,
1292 405 1400 455 dilig-

153 479 270 517 enter,
301 484 372 521 pro
410 479 534 510 vestra
572 473 758 521 sapientia
794 478 831 509 et
870 471 1118 516 humanitate,
1158 471 1325 520 cogitare
1364 477 1401 507 et

153 538 305 586 penitus
336 537 552 586 perspicere
586 537 742 583 debetis,
773 537 866 586 quid
895 536 995 581 mali,
1027 542 1212 585 quantum
1246 535 1401 584 periculi
1422 549 1439 580 5

153 602 361 652 unicuique
389 609 564 640 nostrum
592 602 730 640 inferre
763 602 885 651 possit
913 601 968 639 vis
1000 601 1211 646 tribunicia,
1233 599 1401 638 conflata

153 667 375 716 praesertim
414 667 554 704 invidia
596 673 634 703 et
670 666 919 704 concionibus
967 666 1145 703 seditiose
1192 665 1401 703 concitatis.

154 729 320 780 Optimis
348 731 474 768 hercle
503 731 752 780 temporibus,
781 738 874 776 tum,
899 742 1018 780 quum
1047 730 1223 768 homines
1252 741 1293 767 se
1323 740 1402 766 non

153 796 354 834 iactatione
388 795 575 845 populari,
606 795 675 833 sed
707 795 889 844 dignitate
920 802 1035 844 atque
1066 794 1286 832 innocentia
1320 801 1401 831 tue-

153 861 300 906 bantur,
330 867 459 898 tamen
490 872 562 898 nec
594 860 634 898 P.
655 859 851 908 Popillius,
879 871 951 897 nec
983 858 1031 905 Q.
1054 858 1244 905 Metellus,
1273 859 1400 897 claris·
1421 873 1458 895 10

155 925 239 962 simi
277 932 391 973 atque
430 924 654 973 amplissimi
692 924 770 969 viri,
810 925 886 961 vim
924 924 1166 961 tribuniciam
1214 924 1400 962 sustinere

154 996 381 1038 potuerunt:
429 989 573 1026 nedum
619 988 677 1027 his
725 989 973 1037 temporibus,
1018 988 1077 1026 his
1123 989 1306 1034 moribus,
1344 988 1403 1025 his

154 1055 445 1104 magistratibus,
476 1054 557 1091 sine
585 1061 708 1091 vestra
745 1053 941 1102 sapientia,
971 1065 1017 1091 ae
1055 1054 1136 1091 sine
1174 1053 1402 1092 iudiciorum

154 1119 340 1165 remediis,
371 1119 462 1157 salvi
490 1130 575 1156 esse
604 1119 808 1168 possimus.
866 1120 931 1166 96.
953 1118 1046 1156 Non
1074 1117 1142 1156 fuit
1170 1118 1283 1168 igitur
1310 1117 1403 1155 illud

154 1183 334 1222 iudicium
371 1183 499 1221 iudicii
537 1183 667 1229 simile,
706 1183 861 1229 iudices,
893 1195 973 1221 non
1010 1182 1101 1220 fuit:
1138 1183 1179 1220 in
1207 1195 1284 1232 quo
1323 1194 1404 1220 non
1422 1197 1459 1229 15

154 1248 294 1286 modus
336 1249 434 1286 ullus
481 1255 540 1286 est
586 1248 787 1293 adhibitus,
826 1260 907 1285 non
952 1260 1038 1285 mos
1086 1248 1403 1296 consuetudoque

156 1320 313 1358 servata,
343 1325 422 1351 non
452 1325 567 1351 causa
596 1312 764 1351 defensa.
821 1312 891 1350 Vis
929 1313 991 1350 illa
1023 1312 1103 1358 suit,
1133 1319 1181 1359 et,
1209 1319 1251 1350 ut
1289 1325 1403 1362 saepe

156 1379 233 1416 iam
271 1378 359 1423 dixi,
397 1378 506 1415 ruina
543 1378 733 1427 quaedam
770 1384 884 1427 atque
922 1383 1142 1427 tempestas,
1180 1385 1218 1416 et
1255 1377 1403 1427 quidvis

156 1443 294 1492 potius,
333 1454 451 1492 quam
497 1442 690 1489 iudicium,
711 1448 775 1479 aut
822 1442 1058 1491 disceptatio,
1107 1448 1172 1480 aut
1217 1444 1403 1491 quaestio.

158 1507 276 1555 Quod
315 1508 346 1545 si
374 1508 459 1557 quis
497 1514 566 1553 est,
595 1507 660 1556 qui
697 1507 788 1545 illud
820 1507 1002 1545 iudicium
1038 1507 1154 1546 fuisse
1192 1508 1402 1554 arbitretur,
1421 1523 1460 1545 20

158 1580 195 1611 et
214 1573 279 1622 qui
299 1572 356 1610 his
385 1573 499 1610 rebus
528 1572 702 1610 iudicatis
731 1571 911 1609 standum
931 1578 1061 1621 putet:
1092 1573 1124 1610 is
1154 1578 1284 1610 tamen
1302 1572 1402 1610 hanc

157 1650 313 1676 causam
333 1638 381 1674 ab
401 1637 463 1674 illa
482 1637 597 1675 debet
625 1637 835 1686 seiungere.
893 1637 955 1674 Ab
974 1637 1038 1675 illo
1067 1638 1181 1683 enim,
1202 1638 1279 1675 sive
1299 1637 1405 1686 quod

82 1716 96 1725 ²
156 1704 196 1741 in
233 1703 358 1752 legem
395 1715 476 1740 non
513 1703 682 1748 iurasset,
713 1703 789 1740 sive
823 1703 929 1752 quod
966 1715 1014 1741 ex
1054 1703 1138 1752 lege
1177 1704 1402 1742 subsortitus

158 1769 323 1807 iudicem
351 1781 432 1806 non
469 1775 581 1814 esset,
610 1768 729 1806 multa
756 1768 875 1817 petita
912 1780 997 1806 esse
1035 1769 1180 1807 dicitur.
1238 1767 1403 1807 Cluentii

159 1842 286 1872 autem
323 1834 419 1871 ratio
458 1845 546 1871 cum
583 1833 653 1871 illis
690 1833 850 1883 legibus,
889 1834 1028 1883 quibus
1074 1846 1098 1872 a
1135 1834 1247 1872 Iunio
1285 1834 1405 1871 multa
1423 1849 1458 1881 ²5

159 1899 275 1948 petita
310 1906 380 1944 est,
418 1898 521 1936 nulla
558 1905 684 1947 potest
721 1911 769 1936 ex
806 1906 911 1948 parte
948 1911 1031 1937 esse
1069 1899 1284 1937 coniuncta.
1344 1908 1405 1947 97.

160 1962 211 2000 At
246 1963 348 2000 enirn
386 1963 501 2000 etiam
539 1963 683 2000 Bulbus
720 1969 778 2000 est
815 1963 1102 2002 condemnatus.
1158 1963 1282 2009 Adde,
1312 1964 1405 2001 mai-

162 2028 310 2065 estatis:
347 2033 388 2065 ut
426 2027 625 2077 intelligaS,
655 2027 729 2066 hoc
767 2027 949 2065 iudicium
982 2041 1070 2066 cum
1108 2028 1172 2066 illo
1209 2041 1288 2066 non
1322 2041 1406 2066 esse

163 2092 419 2130 coniunctum.
476 2092 528 2130 At
555 2099 612 2130 est
632 2091 705 2130 hoc
734 2092 784 2129 illi
813 2093 957 2130 crimen
983 2093 1186 2131 obiectum.
1243 2093 1403 2130 Fateor:

166 2155 234 2193 sed
260 2156 370 2194 etiam
398 2156 590 2205 legionem
619 2169 703 2194 esse
732 2157 781 2194 ab
809 2169 857 2195 eo
896 2157 1133 2196 sollicitatam
1170 2159 1209 2195 in
1243 2157 1405 2206 Illyrico,
1421 2173 1463 2204 30

169 2218 213 2257 C.
230 2219 408 2258 Cosconii
427 2221 540 2260 literis
560 2228 597 2259 et
616 2221 821 2259 multorum
842 2222 1068 2260 testimoniis
1087 2222 1245 2272 planum
1263 2222 1406 2260 factum

167 2290 245 2322 est:
271 2284 374 2334 quod
392 2286 535 2324 crimen
556 2293 635 2324 erat
656 2286 852 2336 proprium
872 2286 968 2325 illius
988 2288 1233 2337 quaestionis,
1254 2294 1290 2324 et
1310 2299 1407 2336 quae

785 2361 812 2388 Β
837 2363 854 2388 2
