1650 2554
270 141 352 180 104
629 137 680 170 M.
705 137 863 169 TULLII
892 137 1145 169 CICERONIS
1292 149 1344 173 eo.
1363 141 1520 173 88—40.

267 244 440 291 consilio,
460 245 682 283 auctoritate
702 245 982 295 praestantior?
1039 244 1100 282 Ne
1119 244 1150 282 is
1169 244 1327 294 quidem
1347 244 1532 284 absolvit.·

268 310 453 360 Longum
473 317 530 349 est
550 311 598 349 de
627 312 869 361 singulorum
888 311 1022 349 virtute
1050 311 1102 348 ita
1122 311 1270 349 dicere:
1299 323 1410 362 quae,
1431 312 1521 362 quia

268 377 424 425 cognita
444 383 533 414 sunt
553 378 601 414 ab
622 377 814 423 omnibus,
834 377 1038 415 verborum
1058 383 1284 415 ornamenta
1302 388 1383 415 non
1403 389 1519 427 quae-

264 447 363 479 runt.
444 441 578 488 Qualis
607 442 662 479 vir
690 441 747 479 M.
770 442 967 480 Iuventius
996 441 1102 479 Pedo
1131 441 1201 479 fuit
1228 454 1276 479 ex
1304 448 1430 480 vetere
1458 442 1521 480 illa

228 523 245 553 5
262 506 432 545 iudicum
453 507 682 556 disciplina?
711 507 833 556 qualis
853 507 898 544 L.
919 506 1075 545 Caulius
1094 506 1280 557 Mergus?
1337 507 1394 545 M.
1413 507 1519 546 Basi-

266 572 365 610 lius?
425 571 469 610 C.
490 571 714 610 Caudinus?
749 573 814 622 qui
842 584 980 610 omnes
1008 572 1048 609 in
1076 572 1224 611 iudiciis
1252 573 1414 623 publicis
1442 574 1520 611 iam

267 645 347 675 turn
377 638 538 676 florente
567 650 607 675 re
639 637 793 687 publica
821 637 1042 675 floruerunt.
1096 637 1158 675 Ex
1188 637 1328 676 eodem
1357 651 1520 678 numero

269 704 311 741 L.
343 703 512 745 Cassius,
543 703 616 742 Cn.
638 703 775 745 Heius,
805 703 887 753 pari
916 709 953 741 et
985 703 1199 752 integritate
1229 710 1267 742 et
1295 704 1519 754 prudentia:

266 782 430 819 quorum
451 769 588 807 nullius
618 769 805 807 sententia
834 776 891 807 est
917 768 1156 818 Oppianicus
1185 770 1393 808 absolutus.
1449 771 1519 808 At-

216 851 254 872 10
267 847 341 884 que
380 847 427 873 ex
464 834 524 872 his
565 835 756 880 omnibus,
794 841 886 872 natu
924 834 1116 880 minimus,
1156 835 1324 884 ingenio,
1362 842 1400 874 et
1437 835 1519 874 dili-

267 900 408 950 gentia,
438 906 475 938 et
511 899 695 949 religione
733 912 802 949 par
839 899 895 945 iis,
924 911 1022 950 quos
1060 906 1172 937 antea
1208 901 1521 948 commemoravi,

267 966 308 1002 P.
341 965 521 1011 Saturius,
554 965 593 1002 in
623 965 759 1003 eadem
791 965 979 1003 sententia
1008 965 1087 1003 fuit.
1149 965 1235 1004 108,
1265 965 1302 1004 O
1334 967 1520 1004 innocen-

267 1032 357 1069 tiam
397 1030 602 1080 Oppianici
642 1030 898 1080 singularem!
941 1042 1020 1079 quo
1058 1031 1098 1067 in
1136 1042 1215 1077 reo,
1245 1031 1310 1080 qui
1347 1030 1519 1077 absolvit,

265 1096 516 1134 ambitiosus:
550 1096 616 1145 qui
645 1096 799 1142 distulit,
828 1102 983 1133 cautus:
1022 1096 1087 1146 qui
1116 1096 1397 1143 condemnavit,
1426 1108 1521 1134 con-

214 1178 250 1209 15
269 1168 373 1200 stans
393 1161 639 1199 existimatur.

322 1231 389 1265 39.
422 1226 535 1264 Haec
569 1233 663 1270 tum,
692 1227 859 1276 agitante
894 1226 1067 1273 Quintio,
1098 1239 1223 1276 neque
1260 1227 1301 1264 in
1332 1228 1521 1266 concione

269 1304 395 1342 neque
433 1292 472 1329 in
508 1291 650 1330 iudicio
684 1291 946 1330 demonstrata
979 1298 1076 1330 sunt.
1133 1291 1273 1342 Neque
1306 1293 1410 1330 enirn
1439 1293 1522 1342 ipse

271 1358 344 1396 dici
382 1357 596 1407 patiebatur
632 1369 705 1395 nec
741 1369 810 1406 per
841 1357 1123 1395 multitudinem
1161 1358 1393 1416 concitatam
1429 1369 1522 1396 con-

270 1424 400 1461 sistere
440 1423 620 1471 cuiquam
649 1422 688 1459 in
718 1422 882 1460 dicendo
919 1422 1067 1460 licebat.
1125 1422 1260 1473 Itaque
1290 1423 1385 1472 ipse,
1416 1429 1522 1472 post-

214 1505 255 1526 20
271 1500 388 1538 quam
422 1488 575 1525 Iunium
608 1487 798 1537 pervertit,
828 1499 985 1526 causam
1015 1494 1136 1525 totam
1168 1488 1327 1538 reliquit.
1385 1487 1524 1526 Paucis

270 1554 373 1591 enim
395 1553 529 1591 diebus
559 1552 628 1592 illis
656 1559 693 1590 et
721 1553 803 1602 ipse
823 1553 991 1602 privatus
1020 1560 1078 1591 est
1106 1552 1240 1600 factus,
1260 1560 1298 1591 et
1325 1553 1523 1592 hominum

271 1618 398 1656 studia
427 1618 664 1656 deferbuisse
698 1618 943 1667 intelligebat.
1001 1617 1120 1665 Quod
1154 1618 1185 1656 si
1218 1630 1287 1668 per
1313 1630 1413 1668 quos
1442 1617 1524 1656 dies

271 1684 427 1721 Iunium
457 1684 659 1729 accusavit,
688 1683 971 1721 Fidiculanium
999 1695 1178 1722 accusare
1207 1683 1411 1722 voluisset:
1445 1695 1524 1722 res·

269 1748 468 1798 pondendi
506 1747 745 1786 Fidiculanio
782 1754 952 1797 potestas
999 1747 1100 1786 facta
1146 1760 1226 1786 non
1273 1754 1384 1787 esset.
1465 1748 1524 1787 Ac

214 1831 253 1862 25
270 1815 396 1864 primo
425 1813 595 1863 quidem,
624 1814 805 1851 omnibus
835 1813 904 1851 illis
933 1813 1133 1861 iudicibus,
1163 1814 1228 1863 qui
1266 1813 1526 1864 Oppianicum

272 1879 588 1924 condemnarant,
610 1878 836 1916 minabatur.
899 1891 985 1928 109.
1007 1879 1091 1916 Iam
1116 1879 1360 1917 insolentiam
1379 1879 1524 1917 noratis

270 1944 454 1983 hominis:
475 1944 620 1981 noratis
636 1944 787 1982 animos
804 1945 884 1982 eius
897 1956 941 1982 ac
959 1944 1110 1994 spiritus
1123 1944 1354 1982 tribunicios.
1404 1943 1526 1991 Quod

272 2017 351 2050 erat
370 2009 529 2048 odium?
551 2009 601 2046 dii
621 2009 877 2047 immortales!
899 2022 997 2059 quae
1018 2010 1226 2060 superbia?
1251 2015 1395 2059 quanta
1413 2009 1525 2058 igno-

270 2076 366 2114 ratio
387 2075 471 2113 sui?
501 2086 617 2124 quam
637 2074 762 2123 gravis
782 2081 895 2124 atque
916 2074 1160 2112 intolerabilis
1188 2074 1430 2124 arrogantia?
1459 2073 1526 2123 qui

214 2159 256 2190 30
270 2140 361 2179 illud
391 2141 507 2178 etiam
538 2140 663 2189 ipsum
698 2140 835 2177 acerbe
865 2140 989 2177 tulerit
1017 2139 1081 2190 (ex
1112 2151 1191 2189 quo
1223 2139 1286 2176 illa
1312 2145 1406 2176 *nata
1438 2145 1525 2176 sunt

273 2204 433 2257 omnia),
451 2217 531 2243 non
552 2204 622 2242 sibi
643 2216 688 2242 ac
705 2204 920 2243 defensioni
941 2217 1032 2242 suae
1053 2204 1316 2242 condonatum
1336 2215 1421 2242 esse
1441 2203 1525 2253 Op·

273 2272 489 2322 pianicum:
512 2269 672 2320 proinde
692 2270 801 2320 quasi
821 2282 901 2308 non
922 2270 1012 2308 satis
1042 2269 1142 2319 signi
1170 2281 1253 2308 esse
1274 2269 1453 2315 debuerit,
1475 2269 1525 2307 ab
