1650 2554
290 135 345 179 86
644 143 697 181 Μ.
731 147 888 181 TULLII
915 148 1165 182 CICERONIS
1328 160 1380 184 ω.
1401 151 1461 193 24,
1481 151 1543 185 2⁵.

293 252 532 303 singulorum
551 261 865 304 argumentorum
884 266 966 293 non
985 260 1042 293 est
1061 254 1288 294 necessaria.
1346 255 1410 305 65.
1433 255 1546 303 Dico,

291 317 337 357 C.
366 319 478 357 Aelio
517 318 687 367 Staieno,
725 321 852 367 iudici,
893 320 1100 370 pecuniam
1145 321 1334 371 grandem
1381 320 1547 360 Statium

289 384 446 423 Albium
475 385 525 423 ad
553 386 878 436 corrumpendum
907 386 1090 424 iudicium
1110 386 1274 425 dedisse.
1330 385 1437 425 Num
1460 388 1546 438 quis

289 451 435 500 negat?
464 451 523 489 Te
546 451 713 501 appello,
735 451 976 501 Oppianice3
1004 459 1052 498 te,
1075 451 1124 490 T.
1145 452 1247 490 Atti:
1268 463 1433 502 quorum
1452 452 1547 492 alter

250 529 268 562 5
287 515 506 566 eloquentia
526 516 815 555 damnationem
844 517 958 563 illam,
979 516 1073 554 alter
1100 517 1214 555 tacita
1241 517 1382 567 pietate
1411 517 1544 567 deplo-

288 587 355 619 rat.
413 581 564 619 Audete
594 594 748 631 negare,
769 583 818 620 ab
847 581 1067 632 Oppianico
1098 581 1253 620 Staieno
1281 583 1399 622 iudici
1426 595 1544 634 pecu-

286 647 391 684 niam
418 646 573 685 datam:
602 654 752 697 negate,
773 654 924 697 negate,
944 647 1114 697 inquam,
1135 647 1175 685 in
1203 659 1252 686 eo
1280 647 1381 686 loco.
1438 647 1545 695 Quid

286 712 475 750 reticetis?
532 713 584 750 At
613 725 757 763 negare
784 725 865 751 non
890 712 1061 762 potestis,
1083 712 1189 762 quod
1216 713 1417 762 repetistis,
1437 713 1544 763 quod

288 776 454 815 confessi
484 778 587 824 estis,
617 778 724 827 quod
753 778 971 816 abstulistis.
1029 776 1121 824 Quo
1149 777 1306 816 tandem
1333 778 1448 828 igitur
1476 790 1544 817 ore
1610 778 1618 784 '

232 857 271 880 10
289 843 527 880 mentionem
561 843 730 893 corrupti
768 843 896 881 iudicii
934 842 1067 889 facitis,
1099 854 1221 892 quum
1249 843 1299 880 ab
1326 843 1398 881 ista
1434 849 1542 893 parte

287 907 402 946 iudici
423 909 630 958 pecuniam
650 915 738 946 ante
759 908 942 946 iudicium
962 907 1101 954 datam,
1122 914 1212 957 post
1231 907 1414 946 iudicium
1434 920 1543 958 erep-

283 980 365 1011 tam
403 985 488 1011 esse
534 973 755 1012 fateamini?
814 974 876 1012 66.
905 972 1092 1019 Quonam
1129 972 1243 1022 igitur
1283 973 1379 1012 haec
1424 973 1542 1012 modo

283 1044 395 1089 gesta
434 1039 551 1077 sunt?
607 1039 799 1090 Repetam
827 1038 956 1088 paullo
987 1038 1107 1085 altius,
1138 1038 1294 1085 iudices,
1323 1044 1362 1076 et
1397 1039 1556 1085 omnia,-

283 1116 383 1155 quae
419 1104 458 1141 in
493 1104 671 1143 diuturna
704 1105 936 1143 obscuritate
969 1103 1171 1150 latuerunt,
1201 1103 1255 1142 sic
1289 1104 1472 1154 aperiam,
1499 1110 1542 1142 ut

229 1183 266 1218 15
284 1181 330 1208 ea
359 1182 515 1208 cernere
544 1171 665 1209 oculis
694 1170 911 1208 videamini.
967 1168 1052 1207 Vos
1079 1180 1234 1219 quaeso,
1255 1175 1296 1207 ut
1324 1168 1451 1207 adhuc
1478 1181 1542 1208 me

283 1242 426 1274 attente
456 1235 625 1283 audistis,
654 1236 756 1282 item,
787 1247 886 1285 quae
918 1234 1064 1284 reliqua
1102 1240 1202 1280 sunt,
1232 1234 1414 1273 audiatis:
1451 1246 1541 1285 pro-

282 1300 384 1339 fecto
405 1301 498 1338 nihil
522 1313 545 1338 a
572 1313 636 1339 me
656 1301 813 1348 dicetur,
834 1300 940 1350 quod
968 1311 1048 1337 non
1068 1299 1229 1349 dignum
1247 1298 1323 1337 hoe
1349 1306 1542 1338 conventu

282 1371 320 1405 et
366 1366 528 1414 silentio,
569 1366 730 1417 dignum
764 1365 898 1404 vestris
936 1364 1071 1404 studiis
1109 1370 1224 1415 atque
1262 1364 1417 1403 auribus
1455 1376 1541 1405 esse

283 1431 466 1470 videatur.
1523 1473 1526 1476 Α

228 1511 273 1536 20
344 1497 459 1544 Nam,
480 1504 521 1535 ut
544 1497 711 1547 primum
741 1496 993 1547 Oppianicus,
1015 1508 1063 1535 ex
1091 1507 1152 1543 eo,
1171 1495 1278 1546 quod
1307 1495 1542 1535 Scamander

282 1574 370 1601 reus
398 1568 479 1601 erat
507 1562 642 1609 factus,
669 1562 762 1612 quid
791 1562 864 1600 sibi
892 1562 1143 1611 impenderet,
1173 1561 1304 1611 coepit
1331 1561 1540 1611 suspicari:

283 1628 410 1666 statim
430 1639 471 1666 se
491 1627 541 1665 ad
560 1627 729 1665 hominis
759 1627 918 1676 egentis,
940 1626 1108 1672 audacis,
1129 1626 1168 1664 in
1192 1626 1340 1664 iudiciis
1369 1638 1540 1664 corrum-

281 1692 419 1742 pendis
441 1691 647 1738 exercitati,
669 1697 751 1730 tum
771 1698 900 1729 autem
919 1690 1065 1735 iudicis,
1088 1689 1230 1728 Staieni
1250 1689 1540 1729 familiaritatem

282 1757 496 1807 applicavit.
564 1756 624 1795 Ac
661 1756 827 1806 primum
867 1754 1105 1794 Scamandro
1152 1767 1219 1793 reo
1256 1761 1404 1793 tantum
1442 1755 1540 1794 datis

232 1836 275 1871 25
289 1823 510 1860 muneribus
540 1820 761 1871 perfecerat,
789 1826 830 1858 ut
867 1832 915 1858 eo
953 1820 1099 1858 fautore
1127 1826 1295 1858 uteretur
1329 1820 1539 1871 cupidiore,

283 1899 401 1938 quam
437 1886 532 1924 fides
570 1885 704 1924 iudicis
742 1885 972 1936 postulabat.
1030 1887 1092 1935 67.
1124 1885 1218 1924 Post
1250 1892 1389 1932 autem,
1420 1898 1541 1936 quum

283 1958 385 1991 esset
417 1950 652 1989 Scamander
679 1950 793 1988 unius
823 1949 967 1988 Staieni
1006 1951 1196 1989 sententia
1232 1950 1442 1997 absolutus,
1471 1963 1540 2001 pa·-

281 2024 416 2056 tronus
445 2023 574 2054 autem
605 2015 830 2054 Scamandri
858 2028 908 2053 ne
937 2026 1006 2053 sua
1025 2014 1184 2064 quidem
1212 2015 1400 2053 sententia
1427 2015 1540 2054 liber-

283 2089 389 2122 atus:
445 2080 656 2119 acrioribus
703 2080 812 2118 saluti
858 2092 950 2118 suae
998 2080 1179 2118 remediis
1232 2080 1539 2118 subveniendum

231 2164 272 2195 30
286 2147 440 2197 putavit.
496 2145 602 2183 Tum
639 2157 663 2183 a
702 2144 869 2192 Staieno,
900 2145 995 2183 sicut
1033 2145 1082 2183 ab
1119 2144 1277 2183 homine
1309 2144 1360 2183 ad
1397 2157 1540 2196 excog-

284 2211 457 2250 itandum
494 2210 725 2256 acutissimo,
757 2210 806 2248 ad
844 2209 1065 2248 audendum
1101 2208 1450 2259 impudentissimo,
1483 2210 1534 2248 ad

286 2275 529 2317 efficiendum
556 2275 743 2316 acerrimo
771 2274 884 2323 (haec
913 2275 1017 2313 enim
1044 2273 1105 2314 ille
1133 2280 1171 2315 et
1199 2274 1327 2327 aliqua
1354 2281 1537 2327 exparte

1644 588 1650 603 Λ,
1641 446 1650 578 mma-⁴...—
