1650 2554
206 147 260 202 78
568 157 618 190 M.
654 158 811 190 TULLII
837 156 1088 189 CICERONIS
1245 168 1298 192 00.
1313 162 1458 194 16-18.

204 262 368 301 Fabricii
395 274 476 302 non
505 269 563 301 est
592 269 841 313 aspernatus:
876 274 960 300 rem
989 262 1041 301 ad
1068 261 1271 301 dominum
1300 263 1459 302 detulit:

205 327 470 378 Cleophantus
504 335 634 367 autem
667 341 757 367 cum
790 328 938 366 Habito
970 334 1028 366 est
1060 328 1224 367 locutus.
1292 328 1462 368 Habitus

204 395 332 432 statim
353 407 442 432 cum
462 394 516 432 M.
538 394 685 432 Baebio
706 399 896 439 senatore,
926 393 1223 432 familiarissimo
1248 407 1330 441 suo,
1352 407 1459 433 com-

204 459 432 497 municavit:
474 459 539 509 qui
573 471 650 508 qua
684 459 771 505 fide,
805 471 883 509 qua
916 459 1130 508 prudentia,
1165 472 1242 510 qua
1276 460 1462 510 dignitate

169 540 187 572 5
205 524 327 571 fuerit,
353 525 578 563 meminisse
605 536 675 563 vos
695 525 866 562 arbitror.
935 523 982 561 Ei
1002 524 1154 574 placuit,
1174 532 1215 563 ut
1241 525 1463 575 Diogenem

205 589 374 628 Habitus
404 597 548 628 emeret
577 603 599 628 a
628 589 883 640 Cleophanto,
915 602 995 640 quo
1018 590 1164 629 facilius
1194 597 1259 629 aut
1286 603 1463 641 compre-

204 655 437 694 henderetur
459 668 520 693 res
547 656 628 694 eius
654 656 810 701 indicio,
839 662 904 693 aut
923 655 1019 694 falsa
1041 668 1126 694 esse
1153 664 1461 706 cognosceretur.

204 720 266 759 Ne
299 721 451 767 multis;
493 720 696 770 Diogenes
730 721 891 758 emitur:
933 732 1128 758 venenum
1163 722 1297 760 diebus
1328 722 1464 772 paucis

205 785 329 837 (multi
356 786 425 824 viri
452 786 547 823 boni
575 798 697 836 quum
727 798 776 823 ex
810 785 963 823 occulto
994 784 1316 836 intervenissent),
1346 799 1464 837 pecu-

150 867 190 889 10
205 851 345 901 niaque
365 851 581 900 obsignata,
609 863 708 900 quae
736 850 786 888 ad
812 862 899 887 eam
918 862 1000 887 rem
1028 850 1198 897 dabatur,
1219 851 1259 888 in
1284 853 1464 891 manibus

206 915 444 962 Scamandri,
474 916 595 953 liberti
625 915 899 960 Fabriciorum,
928 915 1236 964 deprehenditur.
1296 919 1358 963 48.
1387 917 1464 956 Pro

205 982 256 1019 dii
284 981 543 1019 immortales!
601 980 863 1031 Oppianicum
892 981 1109 1030 quisquam,
1139 981 1198 1019 his
1228 983 1342 1020 rebus
1369 995 1463 1033 cog·

204 1047 304 1093 nitis,
325 1047 628 1085 circumventum
649 1058 734 1084 esse
755 1046 884 1083 dicet?

258 1116 321 1152 17.
378 1111 476 1158 Quis
509 1124 695 1162 umquam
729 1111 940 1149 audacior?
983 1112 1069 1162 quis
1103 1113 1333 1151 nocentior?
1377 1113 1462 1163 quis

151 1193 187 1226 15
206 1177 373 1228 apertior
413 1177 452 1214 in
490 1176 674 1215 iudicium
713 1176 903 1214 adductus
941 1178 1028 1215 est?
1094 1176 1215 1224 Quod
1251 1178 1462 1227 ingenium,

205 1255 306 1292 quae
336 1242 497 1280 facultas
529 1242 694 1287 dicendi,
727 1253 826 1291 quae
857 1253 880 1278 a
914 1254 1113 1292 quoquam
1146 1243 1364 1291 excogitata
1397 1243 1463 1281 de-

204 1307 340 1353 fensio,
370 1307 458 1345 huic
486 1307 553 1344 uni
582 1306 731 1344 crimini
759 1306 885 1356 potuit
913 1306 1125 1344 obsistere?
1164 1307 1276 1344 simul
1305 1313 1344 1345 et
1370 1307 1464 1346 illud

204 1373 290 1424 quis
309 1378 368 1411 est
388 1373 453 1422 qui
478 1372 636 1417 dubitet,
661 1372 766 1422 quin,
793 1371 866 1423 hac
889 1384 930 1410 re
957 1378 1156 1421 comperta
1180 1372 1464 1423 manifestoque

205 1438 455 1489 deprehensa,
481 1444 546 1476 aut
568 1438 750 1476 obeunda
772 1449 879 1475 mors
903 1436 1094 1484 Cluentio,
1125 1444 1190 1476 aut
1219 1438 1464 1488 suscipienda

149 1519 189 1542 20
204 1504 398 1542 accusatio
422 1503 561 1541 fuerit?

260 1581 323 1617 49.
354 1567 452 1606 Satis
481 1580 566 1606 esse
595 1568 757 1605 arbitror
785 1567 1104 1614 demonstratum,
1133 1566 1289 1614 iudices,
1318 1567 1364 1605 iis
1392 1568 1463 1606 cri-

203 1633 370 1672 minibus
399 1638 624 1671 accusatum
652 1644 738 1670 esse
769 1631 1041 1682 Oppianicum,
1065 1638 1107 1669 ut
1130 1631 1292 1670 honeste
1316 1632 1463 1670 absolvi

203 1699 309 1737 nullo
329 1698 449 1736 modo
469 1698 645 1748 potuerit.
719 1696 957 1746 Cognoscite
981 1709 1085 1735 nunc
1105 1697 1158 1735 ita
1176 1709 1283 1735 reum
1303 1698 1462 1735 citatum

204 1776 290 1802 esse
318 1763 437 1810 illum,
466 1769 517 1810 ut,
547 1775 589 1800 re
618 1762 737 1801 semel
765 1769 880 1811 atque
908 1762 1045 1800 iterum
1071 1762 1340 1812 praeiudicata,
1370 1775 1463 1801 con-

150 1845 188 1877 ²5
205 1828 409 1866 demnatus
437 1827 478 1866 in
506 1827 690 1865 iudicium
717 1827 871 1865 venerit.
930 1827 1035 1864 Nam
1064 1826 1273 1882 Cluentitffis,
1303 1827 1461 1875 iudices,

204 1894 370 1945 primum
399 1904 544 1930 nomen
572 1893 654 1930 eius
684 1892 828 1938 detulit,
858 1892 965 1930 cuius
994 1892 1034 1929 in
1062 1892 1240 1930 manibus
1268 1903 1462 1931 venenum

205 1958 520 2010 deprehenderat.
577 1958 618 1995 Is
637 1963 718 1995 erat
737 1957 892 1996 libertus
912 1957 1186 2003 Fabriciorum,
1213 1957 1460 1997 Scamander.

204 2024 404 2073 Integrum
425 2022 627 2061 consilium
644 2036 652 2060 :
681 2022 812 2061 iudicii
832 2023 1000 2072 corrupti
1020 2023 1123 2061 nulla
1146 2023 1339 2072 suspicio:
1370 2023 1461 2061 sim-

203 2090 293 2140 plex
320 2089 361 2127 in
387 2088 571 2126 iudicium
599 2100 725 2135 causa,
755 2095 860 2126 certa
886 2101 958 2133 res,
987 2101 1109 2126 unum
1137 2089 1280 2126 crimen
1305 2088 1461 2128 allatum

147 2171 190 2201 30
205 2161 274 2193 est.
342 2153 420 2192 Hic
439 2159 521 2191 tum
540 2152 749 2200 Fabricius,
770 2154 812 2200 is,
835 2153 883 2191 de
903 2164 981 2203 quo
1001 2159 1091 2191 ante
1117 2153 1207 2200 dixi,
1228 2153 1305 2203 qui,
1325 2153 1460 2193 liberto

205 2220 401 2266 damnato,
434 2218 504 2257 sibi
538 2217 630 2256 illud
663 2218 887 2268 impendere
920 2218 1132 2268 periculum
1163 2219 1318 2265 videret,
1352 2219 1460 2268 quod

204 2284 298 2323 mihi
336 2295 426 2324 cum
463 2282 736 2331 Aletrinatibus
773 2283 1017 2332 vicinitatem,
1056 2289 1094 2323 et
1134 2296 1224 2323 cum
1265 2284 1459 2336 plerisque
