1650 2554
163 169 202 207 55
226 174 405 208 112—117.
476 166 653 199 ORATIO
685 167 776 199 PRO
802 166 850 200 A.
874 167 1111 200 eLUENTIO.
1331 169 1407 211 107

160 275 355 315 obfuisset.
417 286 503 326 115.
529 278 690 324 Deinde,
720 278 751 316 si
779 284 884 316 tanta
911 279 967 317 vis
994 277 1063 315 fuit
1091 277 1198 315 istius
1228 276 1407 322 criminis,

158 346 211 387 ut,
231 352 308 390 qua
335 342 496 392 quisque
525 343 610 393 lege
638 355 686 382 ex
714 343 785 381 illis
810 343 997 381 iudicibus
1026 354 1112 381 reus
1146 342 1267 379 faetus
1295 348 1407 388 esset,

158 411 287 443 tamen
314 405 386 444 hac
414 407 529 457 plaga
561 408 697 457 periret
718 423 725 445 :
766 420 842 454 cur,
872 408 912 445 in
940 414 1045 446 tanta
1074 406 1313 444 multitudine
1345 418 1406 443 ac-

158 479 388 517 cusatorum,
427 473 539 510 tantis
577 474 767 522 praemiis,
805 473 921 511 ceteri
956 473 1011 510 rei
1047 472 1137 510 facti
1173 483 1254 510 non
1292 472 1406 510 sunt?

156 533 236 572 Hic
266 535 455 585 profertur
487 536 538 582 id,
568 538 673 586 quod
703 538 884 576 iudicium
918 536 1098 586 appellari
1131 547 1211 574 non
1243 541 1407 586 oportet,
1424 550 1442 582 5

157 598 200 637 P.
222 598 410 649 Septimio
432 599 638 639 Scaevolae
666 602 770 640 litem
795 613 843 640 eo
862 602 1020 640 nomine
1049 613 1132 639 esse
1152 600 1402 639 aestimatam.

156 663 276 702 Cuius
308 666 361 704 rei
392 677 491 715 quae
521 667 763 705 consuetudo
794 667 852 713 sit,
881 666 1064 716 quoniam
1092 665 1196 715 apud
1228 665 1403 703 homines

156 729 406 778 peritissimos
453 731 552 777 dico,
590 731 762 781 pluribus
801 732 930 773 ,verbis
967 731 1104 769 docere
1151 742 1230 767 non
1268 730 1402 768 debeo.

155 791 381 844 Numquam
420 797 523 833 enim
561 809 607 834 ea
643 797 849 846 diligentia,
888 808 987 845 quae
1025 795 1120 834 solet
1158 795 1327 834 adhiberi
1363 796 1403 833 in

154 859 288 898 ceteris
317 860 475 907 iudiciis,
502 861 650 907 eadem,
679 873 747 899 reo
775 862 969 907 damnato,
990 861 1158 899 adhibita
1185 867 1252 898 est.
1314 861 1400 898 116.
1421 876 1459 897 10

153 923 201 962 In
230 924 356 963 litibus
388 926 634 965 aestimandis
665 926 743 965 fere
772 927 928 972 iudices,
958 932 1034 973 aut,
1063 924 1168 976 quod
1198 926 1269 964 sibi
1299 938 1400 972 eum,

153 1000 269 1038 quem
295 990 413 1027 semel
441 991 758 1037 condemnarunt,
779 991 976 1030 inimicum
995 997 1131 1040 putant
1158 1003 1254 1037 esse,
1275 991 1306 1029 si
1326 1003 1403 1041 qua

151 1054 191 1091 in
210 1066 301 1092 eum
318 1055 364 1092 lis
393 1055 526 1105 capitis
555 1056 656 1094 illata
684 1063 752 1102 est,
773 1069 855 1095 non
882 1056 1110 1095 admittunt:
1140 1063 1215 1103 aut,
1236 1057 1341 1106 quod
1361 1069 1402 1095 se

153 1118 374 1169 perfunctos
395 1119 470 1157 iam
495 1132 579 1158 esse
609 1122 846 1168 arbitrantur,
867 1133 984 1171 quum
1006 1121 1053 1159 de
1082 1133 1148 1159 reo
1177 1122 1401 1168 iudicarunt,

153 1185 408 1235 negligentius
428 1186 628 1224 attendunt
647 1193 785 1225 cetera.
842 1187 977 1236 Itaque
997 1193 1034 1224 et
1061 1187 1268 1225 maiestatis
1287 1188 1399 1225 abso·
1419 1203 1454 1234 15

152 1249 220 1288 luti
257 1258 346 1288 sunt
382 1251 570 1301 permulti,
605 1251 743 1301 quibus
781 1252 968 1290 damnatis
998 1251 1046 1289 de
1082 1252 1255 1301 pecuniis
1292 1264 1400 1302 repe-

152 1315 282 1354 tundis
318 1315 403 1354 lites
450 1323 578 1354 essent
624 1317 866 1354 aestimatae:
913 1323 951 1355 et
992 1317 1066 1355 hoc
1114 1318 1282 1366 quotidie
1321 1317 1400 1356 fieri

152 1379 335 1426 videmus,
373 1388 425 1426 ut,
459 1393 526 1418 reo
565 1381 747 1419 damnato
786 1381 833 1419 de
870 1382 1042 1431 pecuniis
1081 1382 1313 1431 repetundis,
1352 1383 1402 1421 ad

153 1456 252 1494 quos
271 1446 488 1496 pervenisse
508 1446 693 1495 pecunias
720 1447 760 1484 in
788 1446 915 1484 litibus
943 1446 1190 1485 aestimandis
1219 1455 1400 1486 statutum

152 1510 210 1556 sit,
230 1521 298 1548 eos
326 1510 376 1547 illi
405 1510 548 1548 iudices
568 1511 788 1549 absolvant:
819 1511 925 1561 quod
945 1523 1063 1561 quum
1083 1511 1134 1558 fit,
1154 1524 1235 1550 non
1264 1513 1401 1551 iudicia
1418 1530 1458 1551 20

151 1574 428 1621 rescinduntur,
450 1575 518 1613 sed
538 1575 613 1613 hoc
643 1576 826 1622 statuitur,
847 1576 1151 1614 aestimationem
1179 1577 1300 1615 litium
1319 1591 1400 1616 non

150 1651 235 1677 esse
254 1639 449 1677 iudicium.
499 1639 681 1678 Scaevola
701 1640 978 1680 condemnatus
994 1649 1051 1679 est
1070 1642 1151 1680 aliis
1167 1642 1398 1691 criminibus,

150 1704 464 1754 frequentissimis
483 1705 647 1754 Apuliae
666 1706 836 1744 testibus.
893 1705 1012 1745 Omni
1035 1708 1282 1747 contentione
1301 1721 1399 1759 pug-

149 1777 281 1809 natum
301 1777 370 1812 est.
390 1776 432 1808 ut
458 1770 503 1808 lis
523 1770 618 1808 haec
641 1772 776 1820 capitis
805 1772 1077 1811 aestimaretur.
1135 1771 1246 1820 Quae
1276 1786 1336 1813 res
1366 1775 1397 1814 si

149 1836 203 1874 rei
222 1835 409 1874 iudicatae
427 1835 582 1884 pondus
601 1835 795 1874 habuisset
811 1849 819 1874 :
848 1836 908 1874 ille
927 1843 1076 1886 postea,
1095 1838 1154 1876 vel
1173 1838 1321 1886 iisdem,
1341 1841 1400 1879 vel
1416 1857 1431 1878 2
1436 1856 1453 1889 5

150 1899 230 1939 aliis
250 1899 430 1943 inimicis,
451 1912 538 1938 reus
558 1900 630 1938 hac
650 1899 734 1950 lege
754 1901 838 1950 ipsa
858 1900 980 1940 factus
999 1909 1109 1940 esset.

202 1969 273 2004 42.
307 1973 394 2013 117.
425 1965 602 2015 Sequitur
647 1965 697 2011 id,
737 1965 842 2014 quod
878 1966 929 2003 illi
975 1967 1156 2005 iudicium
1194 1969 1396 2018 appellant,

149 2029 313 2068 maiores
346 2036 473 2067 autem
502 2029 622 2067 nostri
654 2041 866 2079 numquam
899 2043 1024 2081 neque
1057 2032 1239 2071 iudicium
1272 2035 1397 2072 nomi-

149 2100 295 2140 narunt,
324 2105 450 2144 neque
483 2094 646 2144 proinde
677 2102 718 2132 ut
745 2107 826 2132 rem
856 2095 1060 2135 iudicatam
1089 2098 1395 2145 observaverunt,

148 2159 518 2197 animadversionem
555 2166 671 2209 atque
708 2161 970 2199 auctoritatem
1008 2163 1235 2201 censoriam.
1307 2162 1397 2210 Qua
1411 2180 1455 2211 30

149 2223 198 2262 de
225 2234 266 2261 re
295 2230 499 2272 antequam
529 2223 655 2262 dicere
685 2224 840 2274 incipio,
871 2237 1065 2276 perpauca
1097 2227 1190 2264 mihi
1224 2227 1271 2265 de
1301 2240 1391 2267 meo

149 2286 276 2327 officio
313 2289 427 2327 verba
462 2287 636 2327 facienda
673 2295 761 2328 sunt
777 2302 808 2337 z,
831 2296 872 2328 ut
908 2302 932 2328 a
977 2303 1039 2330 me
1076 2303 1196 2342 quum
1234 2292 1392 2333 huiuSce
