1650 2554
267 154 323 199 90
526 184 530 186 ,
589 150 641 184 Μ.
666 151 826 184 TULLII
852 151 1101 184 CICERONIS
1294 153 1515 186 emm-20⁴

269 267 361 294 casu
386 262 479 303 tum,
509 256 615 307 quod
639 255 730 294 illud
756 262 913 306 repente
940 261 1019 293 erat
1044 255 1198 302 factum,
1229 253 1405 294 Staienus
1433 257 1518 307 ipse

268 333 350 359 non
369 322 509 361 aderat.
566 322 734 360 Causam
753 322 886 360 nescio
910 333 1027 371 quam
1047 320 1150 370 apud
1168 320 1333 358 iudicem
1357 320 1517 361 defend-

268 387 367 425 ebat.
425 387 551 426 Facile
584 387 660 426 hoc
694 387 863 425 Habitus
895 386 1129 436 patiebatur:
1170 384 1279 423 facile
1309 384 1515 426 Canutius:

267 457 306 490 at
337 465 418 491 non
452 452 703 503 Oppianicus,
736 464 863 502 neque
897 457 1082 501 patronus
1116 450 1197 489 eius
1233 450 1278 488 L.
1309 450 1515 497 Quintius:

231 532 250 564 5
267 518 332 567 qui
363 530 483 567 quum
516 525 617 557 esset
645 530 692 556 eo
721 524 895 567 tempore
926 517 1101 555 tribunus
1134 516 1267 566 plebis,
1301 517 1517 556 convicium

267 581 312 621 C.
342 583 467 631 Iunio,
496 584 612 622 iudici
640 583 884 634 quaestionis,
915 582 1127 620 maximum
1155 581 1253 629 fecit,
1282 594 1335 620 v'r
1361 594 1412 620 NE
1434 595 1518 622 SINE

266 648 394 688 ΑΕΗΘ
419 662 460 687 IN
484 661 688 688 cousmvm
714 661 882 687 IRETVR:
913 659 1110 698 quumque
1135 646 1175 685 id
1203 647 1237 686 ei
1261 659 1330 697 per
1354 647 1518 688 viatores

266 714 444 753 consulto
465 715 720 765 negligentius
747 714 809 764 agi
827 713 1026 759 videretur,
1047 713 1129 762 ipse
1154 724 1177 750 e
1201 713 1357 763 publico
1376 713 1517 753 iudicio

267 780 318 818 ad
345 781 533 830 privatum
564 780 706 819 Staieni
735 780 919 818 iudicium
948 778 1144 829 profectus
1172 784 1241 826 est,
1270 785 1307 817 et
1328 779 1420 818 illud
1444 791 1516 830 pro

213 861 252 884 10
267 851 454 895 potestate
501 846 637 884 dimitti
684 846 812 883 iussit:
872 844 1070 883 Staienum
1116 845 1198 894 ipse
1243 844 1295 883 ad
1340 844 1518 883 subsellia

266 910 436 948 adduxit.
496 920 557 960 75.
588 909 842 959 Consurgitur
861 910 901 947 in
927 910 1142 956 consilium,
1164 922 1284 960 quum
1310 910 1517 948 sententias

267 975 517 1025 Oppianicus,
555 988 654 1026 quae
686 982 768 1012 tum
805 980 884 1013 erat
918 982 1101 1025 potestas,
1134 975 1262 1026 palam
1298 974 1387 1013 ferri
1421 974 1519 1012 velle

267 1040 436 1086 dixisset,
459 1047 500 1079 ut
531 1040 707 1079 Staienus
735 1041 829 1078 scire
853 1047 996 1091 posset,
1022 1040 1114 1091 quid
1140 1041 1277 1090 cuique
1306 1040 1516 1078 deberetur.

265 1105 384 1144 Varia.
419 1107 588 1144 iudicum
626 1116 790 1155 genera:
838 1106 1041 1143 nummarii
1084 1106 1222 1156 pauci:
1268 1105 1338 1144 sed
1380 1116 1518 1143 omnes

213 1186 250 1220 ¹5
267 1171 360 1210 irati.
415 1171 470 1209 Ut
499 1172 564 1222 qui
595 1172 768 1221 accipere
797 1171 838 1208 in
869 1183 1009 1220 campo
1040 1176 1284 1217 consuerunt,
1313 1170 1358 1209 iis
1386 1170 1518 1209 candi-

267 1236 377 1283 datis,
409 1248 576 1287 quorum
614 1247 796 1274 nummos
831 1247 1060 1285 suppressos
1094 1247 1179 1274 esse
1215 1241 1362 1285 putant,
1394 1235 1518 1274 inimi-

267 1302 408 1340 cissimi
438 1302 563 1341 solent
591 1313 699 1340 esse:
731 1301 785 1339 sic
809 1301 999 1339 eiusmodi
1025 1301 1171 1340 iudices
1196 1300 1323 1339 infesti
1347 1306 1429 1339 tum
1450 1312 1518 1339 reo

267 1374 462 1407 venerant.
517 1367 644 1406 Ceteri
667 1366 984 1405 nocentissimum
1013 1378 1097 1405 esse
1121 1366 1421 1405 arbitrabantur:
1448 1366 1519 1405 sed

267 1434 544 1484 exspectabant
564 1432 770 1471 sententias
796 1443 941 1478 eorum,
962 1443 1061 1481 quos
1081 1437 1282 1481 corruptos
1307 1431 1518 1481 putabant:

213 1512 255 1539 20
268 1505 310 1537 ut
339 1511 386 1536 ex
415 1498 459 1537 iis
488 1498 773 1544 constituerent,
803 1508 827 1535 a
854 1507 933 1547 quo
961 1496 1144 1535 iudicium
1172 1501 1395 1546 corruptum
1414 1496 1519 1536 vide-

267 1570 380 1602 retur.

324 1633 396 1667 28.
452 1627 555 1667 Ecce
585 1628 651 1667 tibi
681 1627 869 1667 eiusmodi
899 1627 1054 1674 sortitio,
1083 1633 1124 1665 ut
1152 1627 1192 1665 in
1219 1627 1352 1678 primis
1380 1626 1518 1675 Bulbo,

270 1701 308 1733 et
329 1694 496 1741 Staieno,
513 1700 551 1732 et
570 1693 712 1732 Guttae
732 1699 832 1731 esset
851 1693 1110 1730 iudicandum.
1167 1692 1326 1730 Summa
1344 1693 1518 1731 omnium

270 1759 519 1809 exspectatio,
538 1759 723 1809 quidnam
744 1757 953 1796 sententiae
969 1757 1110 1796 ferrent
1128 1757 1228 1795 leves
1248 1770 1292 1796 ac
1315 1758 1518 1797 nummarii

214 1840 253 1873 25
271 1825 430 1863 iudices.
485 1824 613 1873 Atque
639 1824 691 1861 illi
710 1835 846 1862 omnes
873 1823 955 1861 sine
973 1822 1050 1861 ulla
1076 1822 1310 1861 dubitatione
1332 1822 1519 1861 condem-

270 1896 375 1928 nant.
433 1890 495 1937 76.
526 1888 604 1927 Hic
629 1895 711 1926 tum
736 1888 895 1926 iniectus
921 1894 979 1926 est
1003 1887 1224 1926 hominibus
1250 1887 1461 1937 scrupulus,
1480 1894 1519 1928 et

270 1953 463 2005 quaedam
482 1954 679 2000 dubitatio,
701 1953 886 2003 quidnam
901 1959 1001 1991 esset
1019 1956 1158 1991 actum.
1215 1952 1367 1990 Deinde
1393 1951 1519 1990 homi-

270 2031 340 2059 nes
364 2019 567 2069 sapientes,
592 2026 629 2057 et
654 2031 702 2057 ex
728 2025 852 2057 vetere
877 2019 939 2057 illa
962 2018 1162 2068 disciplina
1185 2017 1422 2063 iudiciorum,
1453 2018 1519 2067 qui

271 2097 398 2135 neque
424 2085 620 2123 absolvere
639 2084 838 2122 hominem
861 2084 1178 2122 nocentissimum
1203 2087 1373 2132 possent,
1392 2094 1519 2132 neque

215 2166 257 2198 30
273 2162 374 2196 eum,
395 2149 442 2188 de
462 2162 540 2200 quo
560 2155 662 2188 esset
687 2155 770 2187 orta
793 2149 974 2199 suspicio,
993 2147 1157 2198 pecunia
1179 2152 1456 2197 oppugnatum,
1476 2159 1519 2186 re

271 2216 334 2255 illa
364 2215 570 2265 incognita,
602 2215 729 2265 primo
758 2214 1016 2252 condemnare
1043 2212 1204 2259 vellent3
1242 2224 1320 2250 NON
1352 2223 1518 2255 novum:

272 2281 459 2320 dixerunt.
516 2279 703 2320 Nonnulli
731 2285 860 2318 autem
887 2277 1007 2317 severi
1034 2277 1224 2324 homines,
1253 2276 1318 2327 qui
1343 2276 1419 2315 hoc
1442 2281 1517 2319 sta·
