1650 2554
109 200 148 238 §⁵
171 196 306 236 18-23,
404 194 582 228 ORATIO
611 194 706 227 PRO
735 193 778 228 A.
810 190 1058 226 OLUENTJO.
1310 186 1363 238 67

105 313 228 351 pauca
244 300 352 339 vobis
380 300 478 339 illius
507 300 634 340 iudicii
660 300 820 339 crimina
843 310 1062 349 exponam:
1093 298 1232 348 quibus
1261 311 1353 349 cog-

105 366 202 412 nitis,
230 377 346 404 nemo
382 372 550 403 vestrum
587 365 794 411 mirabitur,
821 364 939 410 illum,
970 363 1206 402 diffidentem
1238 365 1352 403 rebus

105 431 192 477 suis,
213 430 263 468 ad
283 431 479 468 Staienum
499 437 612 480 atque
632 430 682 468 ad
700 430 903 480 pecuniam
923 428 1155 478 confugisse.

159 507 220 534 21.
248 495 410 534 Larinas
443 496 634 545 quaedam
666 495 736 533 fuit
767 494 928 540 Dinaea,
959 505 1091 532 socrus
1123 493 1352 543 Oppianici:

102 571 200 610 quae
229 560 327 598 filios
354 560 487 598 habuit
516 561 571 598 M.
592 561 755 598 Aurium
784 566 822 598 et
850 559 967 597 Num.
988 559 1149 596 Aurium
1170 566 1207 596 et
1236 558 1352 596 Num.
1370 574 1387 606 5

102 625 287 674 Magium,
305 631 343 662 et
363 625 479 663 filiam
499 625 673 675 Magiam
693 631 853 675 nuptam
879 624 1109 674 Oppianico.
1141 623 1196 661 M.
1213 623 1354 661 Aurius

101 690 419 736 adolescentulus,
455 690 558 728 bello
597 690 730 728 Italico
769 695 904 739 captus
940 689 1045 738 apud
1081 688 1278 735 Asculum,
1314 689 1353 726 in

101 754 154 802 Q.
177 754 297 804 Sergii
325 756 524 802 senatoris,
545 756 636 802 eius,
658 755 723 805 qui
751 755 849 792 inter
877 754 1032 792 sicarios
1052 753 1256 791 damnatus
1285 761 1352 799 est,

99 831 236 858 manus
256 821 399 867 incidit,
421 827 457 859 et
477 821 582 870 apud
602 832 691 858 eum
719 819 788 857 fuit
816 819 856 856 in
885 818 1087 868 ergastulo.
1146 818 1354 857 Numerius

101 892 227 923 autem
246 886 399 931 Aurius,
420 886 533 923 frater
553 887 643 931 eius,
664 891 837 922 mortuus
863 890 931 930 est,
951 883 1211 934 heredemque
1231 883 1349 922 Num.
1370 900 1412 921 10

101 948 276 999 Magium
295 950 449 989 fratrem
469 951 629 1000 reliquit.
685 950 827 988 Postea
850 948 994 998 Magia,
1013 961 1113 987 uxor
1133 948 1352 999 Oppianici,

101 1022 253 1053 mortua
280 1023 336 1054 est
350 1030 360 1063 ;
399 1023 597 1066 postremo
626 1027 737 1061 unm,
767 1015 833 1064 qui
860 1014 1028 1063 reliquus
1061 1020 1151 1060 erat,
1182 1014 1353 1052 Dinaeae

102 1079 211 1126 filius,
234 1080 352 1118 Num.
375 1081 541 1131 Magius,
562 1087 620 1119 est
639 1086 822 1119 mortuus.
881 1079 921 1118 Is
941 1079 1030 1118 fecit
1048 1080 1229 1117 heredem
1249 1080 1355 1117 illum

101 1145 386 1184 adolescentem
424 1146 697 1198 Oppianicum,
727 1145 868 1183 sororis
906 1157 998 1182 suae
1027 1145 1158 1191 filiurn,
1187 1157 1354 1194 eumque

32 1222 38 1226 ²
102 1211 230 1261 partiri
264 1223 352 1249 cum
385 1211 536 1249 Dinaea
568 1217 689 1249 matre
722 1210 840 1248 iussit.
911 1210 1070 1248 Interim
1103 1211 1205 1248 venit
1238 1211 1353 1248 index
1374 1227 1410 1258 15

36 1279 38 1281 “
102 1276 153 1314 ad
184 1276 385 1323 Dinaeam,
415 1289 542 1326 neque
575 1277 762 1314 obscurus
792 1287 919 1325 neque
951 1276 1128 1323 incertus,
1160 1276 1225 1326 qui
1257 1288 1355 1313 nun-

102 1342 212 1379 tiaret
231 1342 278 1387 ei,
299 1342 417 1379 filiurn
438 1343 531 1388 eius,
553 1341 609 1380 M.
623 1342 797 1387 Aurium,
817 1341 951 1386 vivere,
973 1347 1011 1378 et
1029 1341 1070 1378 in
1089 1353 1183 1390 agro
1205 1340 1355 1379 Gallico

104 1418 188 1444 esse
208 1407 247 1444 in
268 1407 455 1444 servitute.
507 1419 566 1444 22.
597 1405 747 1451 Mulier,
769 1405 919 1443 amissis
938 1405 1076 1452 liberis,
1097 1418 1216 1455 quum
1241 1406 1356 1444 unius

105 1472 170 1509 filii
206 1472 457 1521 recuperandi
486 1483 575 1521 spes
603 1476 705 1509 esset
732 1475 933 1516 ostentata,
963 1482 1100 1508 omnes
1137 1482 1230 1508 suos
1268 1482 1355 1520 pro-

103 1538 273 1588 pinquos
293 1537 435 1586 filiique
456 1537 513 1575 sui
533 1536 773 1575 necessarios
802 1535 1038 1582 convocavit,
1059 1541 1097 1573 et
1125 1536 1174 1573 ab
1193 1536 1239 1573 iis
1259 1535 1355 1574 flens
1371 1552 1413 1574 20

104 1602 246 1652 petivit,
266 1607 307 1639 ut
335 1602 533 1650 negotium
562 1601 809 1650 susciperent,
840 1599 1125 1638 adolescentem
1152 1600 1356 1651 investiga-

104 1673 198 1714 rent,
219 1667 290 1705 sibi
320 1668 559 1705 restituerent
587 1678 676 1704 eum
705 1665 834 1711 filium,
854 1676 972 1714 quem
1000 1671 1131 1703 tamen
1157 1677 1278 1703 unum
1307 1679 1355 1704 ex

105 1731 232 1769 multis
253 1731 405 1769 fortuna
424 1731 611 1781 reliquum
631 1742 716 1768 esse
734 1729 925 1768 voluisset.
972 1717 1084 1767 Haec
1104 1742 1222 1780 quum
1243 1742 1357 1780 agere

105 1797 337 1843 instituisset,
376 1808 563 1847 oppressa
599 1796 738 1834 morbo
775 1801 843 1833 est.
911 1794 1048 1844 Itaque
1083 1800 1357 1833 testamentum

105 1860 193 1899 fecit
211 1861 411 1907 eiusmodi,
431 1868 472 1899 ut
491 1861 542 1898 illi
562 1860 638 1898 filio
659 1859 729 1897 IIS
749 1871 838 1899 cccc
857 1860 973 1897 millia
999 1860 1154 1910 legaret,
1174 1860 1356 1898 heredem
1373 1876 1410 1908 25

106 1924 315 1964 institueret
351 1925 518 1964 eundern
555 1925 660 1963 illum
697 1923 970 1974 Oppianicum,
1009 1931 1193 1974 nepotem
1231 1937 1355 1963 suurn.

106 1990 234 2040 Atque
262 1990 320 2029 his
348 1991 482 2029 diebus
509 1991 643 2040 paucis
671 1996 730 2027 est
761 1995 923 2028 mortua.
979 1989 1191 2040 Propinqui
1224 1995 1355 2028 tamen

107 2055 170 2101 illi,
191 2056 519 2105 quemadmodum
546 2056 631 2093 viva
658 2054 808 2092 Dinaea
835 2055 1084 2101 instituerant,
1114 2055 1176 2101 ita,
1205 2062 1356 2093 mortua

107 2119 182 2166 illa,
209 2120 260 2159 ad
286 2121 552 2170 vestigandum
580 2120 742 2158 Aurium
772 2131 863 2158 cum
893 2120 1031 2159 eodem
1062 2120 1127 2158 illo
1159 2120 1285 2158 indice
1316 2121 1355 2157 in

109 2196 244 2235 agrum
262 2184 450 2224 Gallicum
469 2186 630 2236 profecti
650 2180 765 2224 sunt.v
1369 2200 1412 2230 30

165 2253 205 2288 8.
237 2262 296 2299 23.
324 2250 482 2289 Interim
518 2250 768 2300 Oppianicus,
796 2256 839 2289 ut
875 2243 977 2294 erat,
994 2250 1104 2289 sicuti
1141 2250 1268 2287 multis
1305 2261 1352 2287 ex

111 2314 226 2353 rebus
245 2314 448 2364 reperietis,
468 2316 646 2366 singulari
666 2315 808 2355 scelere
827 2322 865 2354 et
883 2316 1055 2362 audacia,
1075 2326 1143 2365 per
1161 2314 1357 2365 quendam

742 2390 765 2417 F
796 2388 816 2414 2
