1650 2554
0 0 1080 35 ww-
1129 0 1153 2 W
1190 0 1195 1 ⁷
1249 0 1257 1 '

150 180 190 217 §s
211 176 389 218 171—176.
446 175 624 208 ORATIO
653 175 749 208 PRo
778 175 824 208 A.
857 174 1104 207 οιυΕΝΤιο.
1316 171 1397 222 133

149 287 249 319 esset
276 280 328 318 ita
354 280 518 319 factum:
549 288 679 320 tamen
707 293 754 320 ea
780 293 852 328 res,
881 287 1036 331 propter
1060 279 1268 318 multorum
1294 279 1393 318 eius-

148 346 254 384 modi
294 353 469 392 mortem,
508 346 598 385 satis
636 347 785 384 firmam
827 346 964 384 veneni
1011 345 1272 395 suspicionem
1314 356 1395 382 non

148 409 315 448 haberet.
377 410 417 448 Si
450 418 550 449 esset
583 411 848 461 suspiciosum,
881 417 1011 448 tamen
1043 410 1093 447 ad
1125 409 1221 447 alios
1254 409 1393 458 potius,

149 487 265 525 quam
286 474 335 513 ad
354 474 543 513 Habitum
561 476 777 526 pertineret.
818 475 964 513 Verum
983 475 1022 512 in
1042 486 1091 512 eo
1110 474 1196 524 ipso
1215 473 1394 511 homines

148 540 478 590 impudentissime
496 541 741 578 mentiuntur.
796 540 844 579 Id
868 547 908 578 ut
929 540 1154 589 intelligatis,
1176 545 1214 577 et
1232 546 1395 576 mortem
1409 554 1427 585 5

148 605 239 652 eius,
272 612 321 652 et,
354 605 681 656 quemadmodum
716 613 807 655 post
843 611 1007 643 mortem
1044 605 1084 642 in
1121 604 1310 642 Habitum
1348 604 1395 641 sit

149 670 295 708 crimen
314 682 337 708 a
356 677 476 708 matre
495 671 722 720 quaesitum,
742 670 978 720 cognoscite.

207 744 294 783 175.
324 734 455 781 Quum
481 747 600 784 vagus
626 742 664 773 et
690 735 798 773 exsul
823 740 973 780 erraret,
994 741 1108 784 atque
1132 733 1301 783 undique
1329 745 1394 771 ex-

149 800 275 838 clusus
313 799 563 850 Oppianicus,
601 801 640 838 in
676 800 881 838 Falernum
919 811 960 837 se
1000 799 1050 837 ad
1086 798 1131 837 C.
1166 798 1393 845 Quintilium

149 864 392 902 contulisset:
422 865 473 902 ibi
501 866 667 914 primum
695 866 734 902 in
761 865 938 902 morbum
967 864 1110 909 incidit,
1137 875 1182 902 ac
1211 863 1301 901 satis
1329 875 1392 900 ve-
1412 879 1451 900 10

149 929 346 968 hementer
371 930 511 979 diuque
536 931 755 979 aegrotavit.
813 930 946 977 Quum
972 936 1074 967 esset
1099 940 1177 966 una
1197 927 1335 975 Sassia,
1357 935 1394 966 et

151 993 238 1032 Sex.
271 995 377 1032 Attio
410 995 592 1044 quodam,
622 995 774 1041 colono,
805 994 962 1032 homine
994 994 1152 1040 valente,
1184 994 1249 1044 qui
1282 993 1394 1031 simul

149 1070 234 1097 esse
252 1059 409 1105 solebat,
429 1059 647 1098 familiarius
666 1066 843 1106 uteretur,
859 1070 976 1108 quam
995 1059 1049 1095 vir
1070 1058 1392 1104 dissolutissimus,

149 1123 331 1162 incolumi
349 1123 512 1170 fortuna,
534 1124 612 1174 pati
637 1130 780 1174 posset,
801 1131 837 1161 et
856 1124 915 1161 ius
937 1123 1028 1161 illud
1052 1123 1284 1161 matrimonii
1311 1135 1393 1162 cas-

150 1194 232 1226 tum
260 1195 373 1238 atque
406 1189 615 1238 legitimum
645 1189 889 1227 damnatione
917 1188 983 1225 viri
1013 1187 1204 1226 sublatum
1236 1189 1390 1227 arbitra·
1411 1203 1447 1235 15

151 1259 273 1290 retur:
320 1252 558 1291 Nicostratus
597 1253 766 1303 quidam,
805 1253 926 1291 fidelis
965 1251 1169 1302 Oppianici
1211 1253 1392 1299 servulus,

151 1317 392 1367 percuriosus
419 1324 456 1355 et
481 1318 638 1355 minime
663 1318 842 1363 mendax,
869 1317 988 1355 multa
1013 1317 1148 1355 dieitur
1175 1318 1392 1355 renuntiare

154 1381 311 1420 domino
331 1382 461 1420 solitus
480 1395 574 1420 esse.
631 1383 782 1421 Interea
801 1382 1041 1432 Oppianicus
1060 1395 1179 1432 quum
1199 1384 1274 1421 iam
1301 1396 1394 1422 con-

151 1446 364 1492 valesceret,
385 1459 511 1497 neque
535 1447 574 1484 in
599 1447 763 1485 Falerno
789 1448 1072 1498 improbitatem
1100 1447 1227 1485 coloni
1254 1448 1393 1487 diutius

154 1511 248 1549 ferre
280 1518 423 1561 posset,
451 1518 488 1550 et
520 1512 595 1550 huc
628 1512 677 1549 ad
708 1513 844 1550 urbem
875 1512 1069 1562 profectus
1099 1519 1200 1551 esset
1231 1513 1394 1561 (solebat
1412 1530 1451 1552 20

154 1576 255 1614 enim
274 1582 380 1613 extra
402 1582 553 1625 portam
576 1576 717 1626 aliquid
742 1576 884 1614 habere
903 1576 1114 1625 conducti),
1135 1577 1318 1616 cecidisse
1345 1591 1391 1616 ex

153 1652 254 1690 equo
274 1640 419 1686 dicitur,
439 1647 478 1678 et
502 1640 620 1678 homo
648 1641 797 1678 infirma
822 1641 1035 1678 valetudine
1062 1641 1159 1680 latus
1185 1642 1392 1681 offendisse

152 1705 405 1750 vehementer,
425 1711 473 1750 et,
494 1711 748 1755 posteaquam
773 1705 822 1743 ad
847 1706 981 1744 urbem
1008 1718 1096 1744 cum
1121 1706 1215 1744 febri
1241 1708 1393 1753 venerit,

153 1770 285 1820 paucis
305 1770 439 1808 diebus
463 1781 548 1807 esse
574 1778 758 1808 mortuus.
815 1770 952 1809 Mortis
979 1772 1087 1818 ratio,
1114 1772 1269 1820 iudices,
1296 1774 1394 1811 eius-

152 1835 258 1873 modi
272 1841 341 1880 est‚
356 1843 395 1872 ut
411 1842 475 1872 aut
493 1835 584 1872 nihil
602 1835 739 1873 habeat
758 1836 999 1886 suspicionis,
1015 1844 1088 1883 aut,
1106 1837 1136 1875 si
1156 1837 1247 1887 quid
1266 1837 1391 1885 habet,
1411 1855 1426 1876 2
1431 1855 1448 1885 5

153 1899 193 1938 id
210 1899 306 1937 intra
323 1900 486 1949 parietes
506 1900 546 1937 in
566 1900 781 1939 domestico
801 1901 943 1939 scelere
963 1909 1140 1940 versetur.

205 1967 275 2003 63.
326 1966 410 2011 176.
440 1963 532 2002 Post
559 1971 722 2003 mortem
752 1966 832 2004 eius
863 1965 990 2004 Sassia
1019 1967 1144 2005 statim
1173 1967 1297 2005 moliri
1326 1980 1392 2006 ne-

154 2026 246 2066 faria
272 2029 404 2067 mulier
432 2030 559 2078 coepit
584 2030 740 2068 insidias
766 2030 864 2068 filio:
894 2032 1159 2080 quaestionem
1182 2031 1322 2070 habere
1346 2033 1393 2070 de

155 2091 221 2130 viri
247 2101 368 2131 morte
397 2095 600 2132 constituit.
656 2094 759 2133 Emit
778 2095 827 2133 de
846 2095 893 2133 A.
915 2095 1081 2146 Rupilio,
1103 2109 1181 2146 quo
1201 2103 1279 2134 erat
1302 2109 1393 2134 usus

156 2155 389 2206 Oppianicus
417 2159 578 2206 medico,
607 2159 824 2198 Stratonem
852 2160 1056 2210 quendam,
1084 2162 1194 2211 quasi
1222 2168 1263 2199 ut
1292 2161 1392 2198 idem
1408 2178 1452 2208 30

158 2220 304 2264 faceret,
332 2223 435 2272 quod
461 2223 627 2262 Habitus
657 2226 695 2262 in
724 2225 889 2262 emendo
915 2225 1091 2275 Diogene
1125 2226 1275 2264 fecerat.
1332 2225 1393 2264 De

157 2285 231 2325 hoc
251 2284 423 2327 Stratone
446 2296 483 2328 et
509 2290 556 2328 de
576 2289 691 2328 Ascla
711 2290 879 2341 quodam
905 2302 1013 2329 servo
1040 2302 1110 2329 suo
1137 2291 1393 2342 quaesituram
