1650 2554
246 172 325 213 118
614 182 664 214 M.
701 181 861 214 TULLII
889 183 1138 215 CICERONIS
1269 194 1321 218 00.
1342 187 1498 219 50-52,

245 302 292 328 ex
318 302 359 328 re
384 289 472 339 ipsa
495 301 688 340 causaque
708 290 905 328 ducantur.
970 303 1056 338 140.
1087 290 1302 330 Hominem
1321 292 1496 342 ingenio-

243 367 339 401 sum,
371 354 427 393 M.
450 355 677 401 Antonium,
707 356 813 393 aiunt
842 355 996 394 solitum
1025 367 1110 394 esse
1140 356 1277 404 dicere,
1302 358 1435 395 idcirco
1460 371 1498 395 se

242 421 383 458 nullam
412 433 583 470 umquam
611 422 806 458 orationem
834 422 1033 470 scripsisse,
1057 426 1107 468 ut,
1131 423 1170 459 si
1189 423 1278 471 quid
1300 423 1506 472 aliquando

241 498 312 523 non
344 492 431 535 opus
463 491 553 524 esset
585 486 632 523 ab
663 499 700 523 se
735 499 808 524 esse
840 487 985 533 dictum,
1010 491 1133 536 posset
1163 500 1295 537 negare
1326 489 1468 526 dzllerse
1482 502 1494 526 .·

207 567 224 598 5
242 551 405 600 proinde
438 551 559 601 quasi,
592 552 623 589 si
657 551 751 601 quid
784 564 807 590 a
840 552 954 589 nobis
987 552 1144 599 dictum,
1175 559 1240 590 aut
1273 559 1402 592 actum
1435 554 1495 600 sit,

242 616 280 654 id
300 617 372 654 nisi
391 617 509 655 literis
528 616 852 664 mandaverimus,
866 616 1068 655 hominum
1087 618 1275 656 memoria
1294 630 1374 657 non
1389 616 1495 657 com*-

240 681 508 732 prehendatur.

294 752 354 786 51.
389 748 477 797 Ego
497 761 586 787 vero
606 749 646 786 in
665 749 739 787 isto
761 761 903 798 genere
929 749 1108 787 libentius
1127 761 1248 799 quum
1273 750 1494 798 multorum,

239 820 321 851 tum
353 813 521 852 hominis
555 814 857 864 eloquentissimi
895 821 932 853 et
966 814 1246 864 sapientissimi,
1276 814 1320 854 L.
1352 815 1494 863 Crassi,

189 894 225 916 10
240 878 506 916 auctoritatem
533 891 687 930 sequor,
714 880 779 929 qui
808 892 928 929 quum
952 878 1024 918 Cn.
1046 879 1232 918 Plancum
1259 880 1492 926 defenderet,

239 951 443 982 accusante
477 944 532 981 M.
568 944 700 991 Bruto,
734 945 893 983 homine
931 945 971 982 in
1009 945 1174 983 dicendo
1207 945 1424 984 vehementi
1456 953 1495 985 et

239 1009 388 1055 callido,
409 1020 530 1058 quum
553 1009 704 1055 Brutus,
726 1010 879 1048 duobus
906 1011 1170 1048 recitatoribus
1197 1011 1424 1058 constitutis,
1444 1024 1494 1050 ex

238 1074 389 1112 duabus
409 1075 490 1112 eius
514 1075 751 1113 orationibus
778 1075 904 1125 capita
924 1075 1081 1122 alterna,
1101 1076 1199 1113 inter
1225 1087 1266 1114 se
1292 1077 1493 1124 contraria,

237 1140 432 1178 recitanda
457 1146 649 1178 curasset:
688 1140 794 1190 quod
828 1142 867 1178 in
896 1141 1137 1179 dissuasione
1163 1141 1374 1190 rogationis
1398 1142 1492 1189 eius,

185 1221 221 1252 ¹5
239 1217 339 1255 quae
365 1211 499 1243 contra
525 1205 721 1243 coloniam
749 1205 1047 1244 Narbonensem
1075 1205 1277 1252 ferebatur,
1304 1213 1492 1257 quantum

238 1276 377 1321 potest,
398 1269 446 1308 de
473 1270 696 1308 auctoritate
722 1277 878 1309 senatus
903 1270 1087 1309 detrahit:
1121 1270 1161 1308 in
1191 1272 1369 1310 suasione
1396 1272 1492 1323 legis

240 1336 417 1374 Serviliae
451 1336 612 1374 summis
646 1342 759 1374 ornat
793 1342 968 1374 senatum
1000 1336 1197 1375 laudibus:
1237 1344 1274 1375 et
1306 1338 1491 1389 multabin

237 1402 385 1451 equites
424 1400 624 1439 Romanos
658 1413 778 1451 quum
817 1413 865 1439 ex
898 1413 944 1439 ea
977 1402 1150 1439 oratione
1184 1403 1355 1452 asperius
1390 1403 1491 1442 dicta

236 1468 444 1514 recitasset,
466 1479 544 1517 quo
570 1467 687 1504 animi
714 1467 866 1504 illorum
892 1466 1063 1505 iudicum
1089 1467 1128 1504 in
1149 1466 1333 1505 Crassum
1358 1468 1489 1507 incen-

181 1549 222 1571 20
237 1533 437 1571 detentur:
462 1532 701 1582 aliquantum
719 1544 804 1570 esse
819 1538 1040 1571 commotus
1056 1533 1201 1571 dicitur.
1246 1545 1332 1580 141.
1353 1533 1490 1584 Itaque

235 1599 275 1636 in
293 1597 566 1647 respondendo
586 1598 753 1647 primum
773 1598 952 1647 exposuit
971 1598 1167 1648 utriusque
1186 1598 1375 1636 rationem
1393 1605 1488 1636 tem·

235 1663 352 1714 poris,
372 1668 414 1700 ut
434 1663 555 1700 oratio
574 1675 622 1700 ex
641 1675 681 1700 re
702 1669 739 1700 et
758 1674 875 1702 causa
889 1662 1019 1701 habita
1037 1663 1246 1701 videretur:
1276 1663 1426 1710 deinde,
1446 1671 1488 1702 ut

236 1728 443 1778 intelligere
471 1734 604 1777 posset
627 1727 778 1774 Brutus,
803 1740 919 1778 quem
947 1727 1156 1774 hominem,
1187 1734 1225 1766 et
1252 1739 1333 1765 non
1362 1729 1487 1767 solum

236 1806 313 1844 qua
332 1793 561 1842 eloquentia,
582 1805 712 1831 verum
732 1793 847 1830 etiam
867 1805 946 1842 quo
966 1793 1098 1842 lepore
1118 1798 1155 1830 et
1178 1793 1317 1842 quibus
1341 1793 1486 1832 facetiis

180 1875 218 1907 25
235 1859 451 1909 praeditum
487 1858 727 1897 lacessisset:
766 1864 842 1896 tres
873 1865 910 1896 et
947 1858 1030 1908 ipse
1060 1858 1235 1896 excitavit
1265 1858 1487 1897 recitatores

237 1938 326 1963 cum
356 1924 514 1974 singulis
542 1924 688 1970 libellis,
718 1936 814 1974 quos
843 1923 899 1962 M.
929 1923 1081 1970 Brutus,
1109 1930 1218 1973 pater
1245 1923 1343 1962 illius
1372 1936 1485 1962 accu-

236 1991 384 2034 satoris,
405 1990 453 2028 de
477 1990 556 2027 iure
581 1989 678 2027 civili
702 1989 860 2039 reliquit.
917 1988 1066 2027 Eorum
1094 1988 1199 2026 initia
1227 2000 1347 2038 quum
1375 1990 1486 2027 recit-

236 2063 400 2102 arentur,
422 2068 478 2102 ea,
499 2067 598 2105 quae
618 2055 728 2093 vobis
747 2061 840 2093 nota
863 2067 948 2093 esse
974 2054 1152 2093 arbitror:
1181 2053 1317 2092 Fom
1345 2066 1486 2093 Evnm‘r

234 2135 288 2162 UT
316 2134 410 2160 RuRI
432 2133 473 2158 IN
495 2120 739 2158 varzRNATI
770 2132 944 2166 assumus,
968 2131 1055 2161 Eoo*
1072 2131 1121 2157 ET
1150 2118 1312 2157 Baurus
1339 2131 1486 2158 mnus:

179 2205 220 2235 30
235 2188 399 2226 fundum
419 2186 677 2224 Privernatem
702 2185 909 2235 flagitabat.
965 2184 1011 2223 ΙΝ
1034 2184 1198 2223 ALBANO
1227 2196 1382 2223 ERAMUS
1408 2197 1484 2224 Eoo

236 2266 286 2293 ET
328 2253 487 2292 Bauws
533 2263 678 2290 rmus:
726 2251 921 2290 Albanum
965 2251 1160 2301 poscebat.
1230 2249 1277 2288 ΙΝ
1313 2250 1485 2290 Tmtmn

236 2331 363 2358 FORTE
417 2329 527 2362 QUUM
575 2304 856 2360 ASSEDISSEMUSJ
899 2327 973 2356 Eoo
1029 2327 1078 2354 ET
1125 2315 1287 2355 BRuTus
1333 2327 1482 2363 F1L1us5
