1650 2554
165 171 204 210 §5
223 168 362 209 74—78·
505 166 681 200 ORATIO
708 165 805 198 PRo
831 162 877 198 A.
910 19 1152 250 φιλο.
1355 167 1405 210 91

160 280 323 321 tuerunt,
345 286 422 324 quo
442 274 602 325 quisque
614 273 745 312 animo
765 271 856 323 quid
871 271 1011 317 fecerit,
1031 269 1193 320 spectari
1212 275 1401 319 oportere,

162 339 231 377 etsi
259 339 321 377 alii
349 339 513 388 pecunia
539 345 698 388 accepta
722 349 853 376 verum
880 336 1107 381 iudicabant,
1131 340 1261 372 tamen
1287 334 1406 372 nihilo

161 404 288 442 minus
325 415 366 442 se
402 403 660 453 superioribus
697 403 776 441 suis
795 451 798 454 Ι
820 401 968 439 iudiciis
1006 404 1183 438 constare
1220 400 1408 448 putabant

96 490 99 491 ν
162 475 351 519 oportere.
408 468 543 518 Itaque
564 468 802 506 damnarunt.
859 465 1043 515 Quinque
1061 464 1221 502 omnino
1242 463 1405 509 suerunt,

162 534 229 584 qui
255 533 362 571 illum
389 541 556 572 vestrum
588 533 835 571 innocentem
864 530 1121 580 Oppianicum
1154 529 1231 567 sive
1264 529 1407 578 impru-
1423 543 1441 575 5

163 599 302 645 dentia,
323 599 401 637 sive
420 598 688 644 misericordia,
702 598 779 636 sive
799 596 925 646 aliqua
943 594 1173 644 suspicione,
1190 593 1268 632 sive
1287 593 1408 631 ambi-

162 664 267 703 tione
286 663 454 710 adducti,
474 663 728 701 absolverunt.

219 737 280 778 77.
311 727 581 766 Condemnato
606 726 836 776 Oppianico,
857 724 983 763 statim
1009 722 1055 761 L.
1075 722 1266 770 Quintius,
1287 722 1408 762 horno

163 794 330 832 maxime
364 792 569 842 popularis,
603 791 669 842 qui
705 802 842 829 omnes
874 800 1072 827 rumorum
1105 794 1143 825 et
1175 788 1410 826 concionum

164 865 299 897 ventos
324 857 500 906 colligere
527 861 761 902 consuesset,
785 854 952 892 oblatam
972 853 1043 891 sibi
1062 852 1278 891 facultatem
1299 858 1409 903 puta·
1428 867 1467 890 10

165 923 227 968 vit,
260 929 301 960 ut
335 934 383 960 ex
415 922 554 959 invidia
587 921 776 959 senatoria
808 923 941 969 posset
972 929 1151 964 crescere,
1186 917 1292 967 quod
1330 917 1412 955 eius

164 988 310 1026 ordinis
345 987 484 1025 iudicia
515 987 644 1024 minus
673 986 748 1023 iam
779 984 932 1034 probari
970 982 1115 1033 populo
1149 983 1410 1021 arbitrabatur.

167 1053 344 1091 Habetur
375 1064 453 1090 una
486 1058 599 1102 atque
632 1050 747 1089 altera
779 1049 917 1088 concio
950 1047 1158 1086 vehemens
1191 1053 1229 1086 et
1260 1047 1410 1096 gravis:

168 1117 361 1167 accepisse
398 1117 603 1167 pecuniam
641 1114 796 1160 iudices,
827 1119 869 1151 ut
900 1113 1149 1150 innocentem
1181 1124 1289 1150 reum
1321 1123 1414 1150 con-

169 1182 405 1227 demnarent,
452 1182 626 1219 tribunus
673 1178 794 1229 plebis
841 1177 1058 1216 clamitabat
1069 1188 1080 1224 ;
1133 1176 1196 1225 agi
1241 1176 1412 1214 fortunas
1431 1190 1468 1223 15

168 1248 344 1288 omnium
382 1246 556 1293 dicebat;
597 1244 700 1282 nulla
736 1255 820 1281 esse
857 1242 1018 1280 iudicia:
1059 1241 1124 1290 qui
1160 1241 1416 1290 pecuniosum

170 1312 368 1350 inimicum
388 1310 554 1356 haberet,
574 1309 806 1347 incolumem
824 1319 907 1345 esse
927 1305 1121 1344 neminem
1145 1317 1272 1355 posse.
1329 1305 1416 1344 Ho-

172 1377 296 1414 mines
325 1377 442 1415 totius
473 1375 594 1425 ignari
624 1373 779 1423 negotii,
814 1372 878 1422 qui
912 1370 1172 1420 Oppianicum
1205 1383 1418 1421 numquam

171 1441 364 1488 vidissent,
397 1441 519 1478 virum
552 1439 753 1490 optimum,
791 1443 829 1475 et
863 1435 1063 1474 hominem
1099 1434 1418 1485 pudentissimum

173 1506 334 1556 pecunia
360 1516 588 1555 oppressum
613 1503 889 1547 arbitrarentur,
913 1499 1058 1538 incensi
1082 1500 1310 1550 suspicione,
1336 1512 1417 1538 rem
1434 1515 1474 1538 20

172 1571 213 1609 in
249 1570 420 1608 medium
456 1581 592 1607 vocare
630 1571 850 1617 coeperunt,
889 1571 927 1603 et
964 1576 1121 1602 causam
1157 1564 1261 1602 illam
1298 1571 1418 1603 totam

174 1635 394 1684 deposcere.
453 1635 514 1682 78.
544 1632 672 1682 Atque
706 1631 769 1668 illo
805 1631 890 1680 ipso
927 1636 1100 1679 tempore
1138 1629 1178 1666 in
1215 1629 1330 1668 aedes
1368 1629 1416 1668 Τ.

174 1700 304 1744 Annii,
324 1699 491 1737 hominis
506 1696 773 1741 honestissimi,
790 1695 992 1733 necessarii
1006 1700 1042 1732 et
1062 1694 1174 1732 amici
1194 1694 1280 1740 mei,
1301 1700 1419 1732 noctu

177 1764 362 1810 Staienus,
375 1764 576 1802 arcessitus
596 1763 644 1800 ab
665 1759 893 1811 Oppianico,
908 1759 1021 1798 venit.
1077 1759 1162 1796 Iam
1182 1765 1307 1797 cetera
1326 1765 1420 1797 nota

176 1836 264 1869 sunt
284 1829 485 1867 omnibus:
515 1834 558 1867 ut
575 1839 664 1865 cum
683 1826 746 1863 illo
767 1824 1005 1874 Oppianicus
1026 1824 1143 1874 egerit
1164 1823 1212 1862 de
1232 1824 1419 1874 pecunia:
1436 1839 1475 1872 ²5

178 1901 220 1933 ut
246 1894 307 1932 ille
336 1906 376 1932 se
405 1893 640 1931 redditurum
670 1902 752 1928 esse
783 1889 940 1927 dixerit:
972 1896 1014 1927 ut
1041 1901 1175 1927 eorum
1204 1900 1422 1928 sermonem

179 1970 335 1998 omnem
369 1958 555 1996 audierint
587 1956 655 1994 viri
691 1955 796 2000 boni,
834 1955 899 2004 qui
935 1961 1017 1993 tum
1054 1954 1228 1993 consulto
1267 1961 1423 2004 propter

180 2023 220 2063 in
252 2023 402 2062 occulto
437 2023 647 2062 stetissent:
690 2027 731 2058 ut
762 2031 822 2058 res
854 2019 1043 2069 patefacta
1075 2026 1189 2069 atque
1222 2019 1263 2057 in
1296 2018 1422 2057 forum

182 2088 336 2138 prolata,
364 2094 402 2127 et
423 2087 586 2138 pecunia
611 2085 738 2124 omnis
761 2097 784 2123 a
809 2083 965 2123 Staieno
991 2090 1141 2123 extorta
1162 2091 1275 2134 atque
1295 2090 1425 2134 erepta

183 2151 239 2191 sit.
1437 2164 1480 2195 30

238 2219 310 2255 29.
341 2215 469 2255 Huius
485 2215 627 2255 Staieni
646 2226 822 2265 persona,
837 2214 983 2265 populo
999 2215 1075 2253 iam
1095 2219 1187 2252 nota
1206 2220 1320 2262 atque
1339 2224 1423 2262 per·

186 2286 328 2332 specta,
348 2280 396 2320 ab
414 2279 516 2320 nulla
534 2280 633 2332 turpi
652 2278 870 2331 suspicione
891 2278 1144 2318 abhorrebat:
1178 2289 1425 2329 suppressam
