1650 2554
237 156 318 196 140
592 152 644 186 M.
678 153 838 185 TULLII
867 153 1117 184 CICERONIS
1146 175 1149 182 ,
1260 163 1312 187 οο.
1333 154 1486 188 67-69.

235 259 403 306 adducti,
445 265 590 298 veteres
632 260 850 298 inimicitias
887 271 1004 310 saepe
1041 259 1267 309 deponunt:
1314 259 1377 298 illa
1415 259 1487 297 sibi

237 324 288 363 ad
334 324 622 364 confirmandas
667 325 895 371 inimicitias,
937 324 1129 363 affinitatis
1175 324 1487 363 coniunctionem

236 391 390 440 pignori
417 389 500 428 fore
528 390 684 440 putavit.
745 403 832 439 191.
861 389 1000 440 Neque
1029 390 1069 427 in
1097 401 1145 427 eo
1175 389 1301 427 solum
1324 389 1487 440 diligens

235 454 315 502 fuit,
354 462 395 493 ut
431 462 694 494 accusatorem
732 456 810 493 filio
848 467 919 493 suo
957 460 1217 505 compararet:
1265 454 1333 493 sed
1371 454 1486 493 etiam

201 537 220 568 5
236 521 424 571 cogitavit,
456 522 595 571 quibus
625 533 714 559 eum
744 521 859 559 rebus
891 527 1065 558 armaret.
1129 519 1234 558 Hinc
1268 520 1370 558 enim
1402 519 1486 559 illae

237 586 524 625 sollicitationes
545 598 741 625 servorum
765 594 802 624 et
826 586 941 624 minis
969 592 1007 623 et
1034 586 1256 635 promissis:
1286 585 1374 622 hinc
1402 584 1487 622 illae

235 652 406 690 infinitae
450 651 809 701 crudelissimaeque
851 651 900 688 de
946 657 1070 689 morte
1115 650 1323 700 Oppianici
1369 661 1486 700 quae-

238 717 404 756 stiones:
435 717 573 767 quibus
594 717 711 755 finem
730 717 939 768 aliquando
959 728 1039 754 non
1058 716 1225 754 mulieris
1244 714 1396 762 modus,
1417 712 1487 754 sed

237 782 451 820 amicorum
467 783 671 820 auctoritas
686 782 787 820 fecit.
831 783 895 820 Ab
911 782 1051 820 eodem
1066 781 1208 819 scelere
1223 781 1307 818 illae
1322 780 1485 818 triennio

184 864 223 886 10
237 854 326 898 post
345 848 498 885 habitae
519 847 647 885 Larini
668 848 935 898 quaestiones:
967 846 1139 885 eiusdem
1159 846 1348 884 amentiae
1368 844 1486 883 falsae

237 913 541 963 conscriptiones
565 914 856 962 quaestionum:
885 925 934 950 ex
958 912 1098 950 eodem
1127 912 1254 949 furore
1282 911 1397 948 etiam
1424 909 1486 948 illa

238 979 498 1017 conscelerata
529 979 697 1017 exsectio
731 978 905 1028 linguae:
945 979 1062 1015 totius
1096 977 1262 1026 denique
1293 976 1405 1014 huius
1437 976 1487 1013 ab

236 1044 299 1082 illa
317 1051 375 1083 est
393 1051 431 1082 et
450 1045 603 1082 inventa
621 1050 659 1082 et
684 1044 869 1082 adornata
895 1043 1133 1093 comparatio
1160 1041 1338 1080 criminis.
1399 1052 1485 1091 192.

235 1110 364 1160 Atque
389 1109 449 1147 his
474 1110 587 1147 rebus
614 1121 734 1159 quum
762 1109 989 1147 instructum
1018 1114 1280 1146 accusatorem
1310 1107 1387 1144 filio
1414 1118 1485 1144 suo

183 1192 218 1224 15
237 1175 407 1214 Romam
446 1175 636 1213 misisset:
685 1175 770 1224 ipsa
805 1173 1022 1224 paullisper,
1061 1172 1412 1222 conquirendorum
1448 1178 1486 1209 et

235 1240 579 1279 conducendorum
616 1240 770 1278 testium
808 1251 937 1285 causa,
969 1238 1098 1276 Larini
1135 1243 1193 1275 est
1225 1242 1485 1275 commorata:

235 1313 371 1356 postea
403 1313 543 1352 autem,
577 1317 698 1355 quum
735 1305 1047 1354 appropinquare
1083 1303 1195 1341 huius
1231 1302 1415 1340 iudicium
1452 1302 1486 1340 ei

235 1372 449 1409 nuntiatum
478 1377 547 1417 est,
577 1370 782 1408 confestim
811 1369 885 1407 huc
914 1369 1113 1415 advolavit,
1141 1381 1191 1406 ne
1222 1374 1286 1406 aut
1316 1373 1486 1406 accusat-

235 1438 365 1476 oribus
400 1437 606 1486 diligentia,
641 1443 706 1474 aut
738 1436 904 1487 pecunia
937 1435 1097 1473 testibus
1130 1434 1280 1472 deesset
1290 1446 1300 1481 ;
1341 1439 1406 1471 aut
1436 1445 1487 1472 ne

181 1519 221 1542 20
236 1503 334 1541 forte
354 1509 475 1540 mater
495 1502 568 1540 hoe
590 1502 661 1539 sibi
681 1501 965 1552 optatissimum
986 1499 1248 1550 spectaculum
1273 1499 1385 1537 huius
1405 1509 1487 1536 sor-

238 1569 344 1606 dium
364 1575 478 1617 atque
497 1567 632 1612 luctus,
653 1574 690 1605 et
710 1567 803 1605 tanti
824 1566 1012 1616 squaloris
1031 1565 1228 1603 amitteret.

289 1637 362 1672 68.
400 1633 485 1670 Iam
515 1644 605 1670 vero
634 1632 740 1681 quod
768 1632 837 1669 iter
865 1630 1036 1668 Romam
1066 1631 1147 1668 eius
1175 1628 1342 1668 mulieris
1369 1629 1487 1667 fuisse

238 1698 487 1736 existimatis?
518 1698 625 1747 quod
643 1709 730 1746 ego,
750 1702 908 1746 propter
927 1695 1160 1733 vicinitatem
1179 1695 1430 1744 Aquinatium
1449 1701 1487 1733 et

236 1764 570 1808 Fabraternorum,
599 1775 647 1800 ex
673 1761 801 1799 multis
827 1761 954 1799 audivi
982 1767 1020 1798 et
1048 1760 1240 1809 comperi:
1271 1771 1370 1809 quos
1392 1771 1487 1798 con-

183 1846 221 1877 25
239 1841 371 1868 cursus
399 1829 439 1865 in
468 1827 527 1865 his
555 1827 736 1877 oppidis?
771 1832 935 1876 quantos
965 1831 1003 1863 et
1030 1826 1198 1863 virorum
1221 1830 1259 1862 et
1286 1825 1487 1863 mulierum

238 1895 405 1944 gemitus
431 1905 516 1931 esse
542 1892 690 1930 factos?
747 1890 951 1929 Mulierem
977 1890 1172 1940 quandam
1195 1889 1350 1935 Larino,
1372 1896 1487 1939 atque

240 1960 342 1998 illam
361 1971 482 2008 usque
501 1970 524 1996 a
543 1959 637 1996 mari
666 1969 806 2007 supero
827 1955 997 1994 Romam
1019 1955 1209 2005 proficisci
1233 1966 1321 1992 cum
1340 1967 1485 2004 magno

241 2025 423 2064 comitatu
456 2030 494 2062 et
526 2024 702 2074 pecunia,
737 2034 815 2073 quo
854 2021 998 2059 facilius
1037 2021 1308 2058 circumvenire
1345 2020 1486 2059 iudicio

241 2091 375 2140 capitis
403 2095 517 2139 atque
547 2089 765 2138 opprimere
794 2087 913 2125 filium
942 2094 1082 2136 posset.
1144 2098 1228 2134 193.
1259 2084 1388 2124 Nemo
1409 2091 1488 2125 erat

182 2174 225 2204 30
240 2157 401 2202 illorum,
425 2167 549 2204 paene
578 2154 716 2200 dicam,
741 2153 834 2203 quin
860 2151 1093 2202 expiandum
1118 2151 1223 2188 illum
1248 2151 1376 2188 locum
1402 2163 1487 2189 esse

241 2221 490 2266 arbitraretur,
530 2231 760 2270 quacunque
803 2218 865 2255 illa
906 2218 975 2255 iter
1011 2202 1197 2255 fecisset?
1229 2228 1356 2262 nemo,
1394 2217 1487 2266 quin

241 2294 379 2326 terram
409 2287 533 2337 ipsam
562 2284 703 2331 violari,
734 2295 832 2334 quae
860 2289 981 2321 mater
1014 2289 1072 2321 est
1105 2282 1290 2329 omnium,
1319 2282 1490 2332 vestigiis
