1650 2554
167 182 406 223 §5143-148·
468 180 646 212 oRA'Ho
674 179 768 211 PRo
795 179 841 211 A.
875 176 1120 210 cLUENTm.
1334 179 1408 213 121

167 288 291 338 (quod
328 286 543 325 cuiusmodi
581 287 640 332 sit,
677 286 753 323 iam
790 284 961 332 videro);
1008 289 1049 321 tu
1086 282 1180 320 mihi
1218 281 1410 319 concedas

165 365 323 391 necesse
356 358 425 398 est,
458 352 578 390 multo
612 363 709 403 esse
729 350 933 399 indignius,
967 349 1007 386 in
1041 361 1088 386 ea
1120 347 1280 393 civitate,
1312 358 1411 396 quae

164 417 312 468 legibus
341 417 593 463 contineatur,
623 415 767 454 discedi
799 427 823 453 a
853 414 1013 464 legibus.
1069 412 1161 450 Hoc
1195 412 1298 449 enim
1330 411 1411 448 vin-

165 482 292 520 culum
324 488 380 520 est
417 481 529 519 huius
562 481 766 531 dignitatis,
797 491 873 529 qua
909 479 1068 516 fruimur
1100 478 1140 515 in
1172 488 1212 514 re
1245 476 1410 526 publica,
1459 489 1466 495 ·

163 547 238 585 hoc
265 547 559 584 fundamentum
587 545 778 591 libertatis,
805 544 866 582 hic
892 544 980 582 fons
1009 542 1220 592 aequitatis.
1279 540 1408 587 Mens,
1424 554 1442 587 5

163 618 200 649 et
227 612 389 658 animus,
419 618 457 649 et
486 611 698 656 consilium,
728 616 765 647 et
794 609 981 647 sententia
1009 607 1168 646 civitatis
1197 606 1323 656 posita
1351 611 1410 643 est

162 677 203 714 in
221 676 379 725 legibus.
436 675 491 714 Ut
509 687 672 725 corpora
690 682 822 713 nostra
841 674 922 712 sine
942 678 1084 719 mente,
1104 671 1158 710 sic
1178 671 1306 709 civitas
1327 670 1409 708 sine

161 741 259 790 lege,
280 741 358 779 suis
376 741 559 791 partibus,
580 747 620 778 ut
645 740 769 777 nervis
795 751 840 779 ac
863 737 1050 787 sanguine
1077 742 1115 775 et
1139 735 1334 781 membris,
1354 735 1410 772 uti

162 818 243 843 non
268 812 407 855 potest.
465 805 615 854 Legum
640 803 813 850 ministri,
840 803 1108 852 magistratus:
1137 801 1267 850 legum
1292 801 1407 837 inter-

162 877 299 920 pretes,
316 870 480 908 iudices:
504 870 633 919 legum
648 869 812 918 denique
831 868 973 906 idcirco
992 878 1128 905 omnes
1147 866 1244 904 servi
1263 877 1407 910 sumus,
1426 880 1466 902 10

163 941 203 972 ut
227 935 334 973 liberi
360 947 445 973 esse
471 935 676 984 possimus.
738 942 823 981 147.
851 932 956 980 Quid
975 938 1043 978 est,
1064 930 1113 978 Q.
1135 930 1256 976 Naso,
1276 942 1343 968 cur
1367 936 1410 967 tu

163 1001 203 1037 in
230 1000 304 1038 isto
332 1000 419 1038 loco
447 999 607 1038 sedeas?
636 1011 736 1049 quae
762 999 817 1036 vis
843 1005 912 1044 est,
932 1009 1009 1047 qua
1027 997 1096 1034 abs
1123 1002 1160 1034 te
1189 995 1227 1032 hi
1252 995 1408 1041 iudices,

162 1064 227 1102 tali
252 1064 435 1115 dignitate
461 1064 632 1114 praediti,
654 1064 927 1102 coerceantur?
981 1061 1067 1099 Vos
1093 1067 1232 1106 autern,
1252 1059 1407 1106 iudices,

165 1129 415 1178 quamobrem
446 1141 494 1167 ex
526 1135 632 1167 tanta
661 1127 900 1165 multitudine
933 1127 1071 1165 civium
1103 1132 1182 1164 tam
1215 1124 1328 1174 pauci
1361 1123 1409 1162 de

164 1193 365 1231 hominum
402 1193 563 1231 fortunis
601 1193 827 1231 sententiam
863 1191 992 1230 fertis?
1040 1203 1118 1241 quo
1155 1190 1235 1228 iure
1271 1190 1408 1235 Attius,
1427 1204 1464 1236 15

167 1269 266 1307 quae
302 1258 431 1304 voluit,
470 1258 587 1296 dixit?
634 1269 701 1295 cur
736 1257 830 1294 mihi
866 1257 1012 1294 tamdiu
1048 1262 1220 1305 potestas
1258 1254 1409 1292 dicendi

166 1322 302 1360 datur?
341 1323 433 1372 quid
463 1322 535 1360 sibi
569 1328 696 1359 autem
730 1322 781 1359 illi
814 1322 971 1367 scribae,
1002 1320 1094 1370 quid
1125 1320 1288 1364 lictores,
1318 1318 1411 1368 quid

167 1387 292 1432 ceteri,
332 1398 429 1436 quos
472 1397 657 1435 apparere
703 1385 790 1423 huic
831 1384 1047 1435 quaestioni
1087 1384 1211 1430 video,
1249 1383 1409 1421 volunt?

168 1450 318 1500 Opinor
350 1450 445 1488 haec
477 1450 608 1488 omnia
640 1450 725 1499 lege
758 1450 848 1495 fieri,
879 1456 1079 1499 totumque
1115 1448 1190 1486 hoc
1228 1448 1409 1486 iudicium

170 1517 227 1562 (ut
245 1522 333 1553 ante
354 1515 447 1562 dixi)
470 1515 577 1564 quasi
597 1521 724 1552 mente
750 1514 916 1564 quadam
941 1514 1021 1563 regi
1045 1513 1139 1563 legis
1165 1519 1203 1551 et
1227 1512 1409 1551 adminis-
1427 1527 1467 1550 20

166 1581 265 1618 trari.
323 1579 428 1627 Quid
450 1591 543 1629 ergo
562 1580 644 1617 est?
673 1578 767 1617 haec
787 1579 960 1629 quaestio
981 1578 1062 1617 sola
1081 1579 1131 1616 ita
1153 1578 1410 1628 gubernatur?

167 1645 260 1696 quid
286 1644 341 1682 M.
368 1644 545 1682 Plaetorii
572 1650 610 1682 et
636 1643 680 1682 C.
704 1643 880 1681 Flaminii
907 1644 1005 1681 inter
1032 1643 1212 1681 sicarios?
1246 1642 1338 1692 quid
1363 1641 1409 1680 C.

168 1709 341 1748 Orchinii
372 1709 595 1758 peculatus?
633 1709 725 1758 quid
758 1720 845 1746 mea
878 1708 925 1746 de
958 1708 1130 1758 pecuniis
1162 1707 1409 1758 repetundis?

167 1774 261 1824 quid
281 1773 325 1812 C.
345 1773 512 1823 Aquillii,
534 1773 636 1822 apud
659 1785 774 1823 quem
802 1785 904 1811 nunc
934 1773 982 1811 de
1008 1773 1153 1811 ambitu
1178 1784 1294 1810 causa
1319 1771 1410 1810 dici-

166 1840 251 1878 tur?
278 1839 370 1888 quid
390 1838 555 1888 reliquae
576 1839 847 1889 quaestiones?
890 1838 1180 1888 Circumspicite
1199 1850 1335 1876 omnes
1355 1838 1408 1876 rei
1426 1854 1464 1886 ²5

165 1905 341 1955 publicae
359 1910 509 1954 partes:
537 1905 671 1942 omnia
690 1904 819 1953 legum
838 1904 999 1954 imperio
1018 1910 1056 1942 et
1074 1904 1310 1954 praescripto
1330 1904 1410 1941 fieri

168 1969 351 2007 videbitis.
412 1971 497 2015 148.
527 1968 567 2006 Si
596 1970 660 2019 qui
689 1969 793 2018 apud
825 1980 888 2006 me
916 1975 964 2016 te,
993 1969 1041 2007 T.
1068 1969 1160 2015 Atti,
1187 1981 1295 2006 reum
1323 1968 1410 2006 velit

166 2033 314 2072 facere:
353 2034 504 2080 clames,
533 2041 570 2072 te
604 2034 687 2084 lege
721 2034 968 2083 pecuniarum
998 2034 1295 2084 repetundarum
1328 2045 1410 2071 non

167 2099 293 2136 teneri.
350 2098 489 2148 Neque
521 2099 617 2137 haec
651 2106 715 2136 tua
746 2099 935 2137 recusatio
968 2098 1161 2137 confessio
1197 2098 1244 2136 sit
1274 2104 1410 2147 captae

167 2164 374 2213 pecuniae;
399 2165 467 2202 sed
485 2164 636 2211 laboris,
652 2164 720 2202 sed
740 2163 896 2214 periculi
916 2176 995 2202 non
1015 2164 1171 2213 legitimi
1192 2164 1403 2202 declinatio.
1422 2178 1467 2211 30

222 2231 293 2266 54.
321 2227 446 2274 Nunc,
471 2229 562 2278 quid
588 2236 732 2279 agatur,
758 2235 796 2266 et
823 2228 916 2278 quid
947 2229 1016 2267 abs
1044 2235 1081 2267 te
1109 2229 1199 2266 iuris
1227 2228 1410 2265 constitu-

170 2299 262 2339 atur,
282 2292 375 2330 vide.
407 2293 517 2331 Iubet
536 2292 597 2331 lex
617 2305 674 2341 ea,
694 2304 770 2343 qua
791 2292 875 2342 lege
894 2292 989 2331 haec
1009 2293 1182 2343 quaestio
1203 2292 1410 2331 constituta
