1650 2554
135 197 176 236 §⁵
199 199 378 235 117-122.
447 191 623 224 ORATIO
650 191 746 224 PRo
773 191 819 224 A.
842 189 1095 254 cszva..
1304 195 1383 239 109

133 301 239 341 omni
257 299 405 338 honore
429 311 475 337 ac
504 298 687 348 dignitate
714 298 918 349 privantur,
938 298 992 336 sic
1019 297 1240 337 hominibus
1267 299 1379 350 igno-

134 366 253 404 minia
271 364 413 403 notatis
433 374 559 413 neque
583 363 633 402 ad
658 363 847 401 honorem
865 362 1001 408 aditus,
1023 375 1148 413 neque
1177 363 1216 401 in
1235 364 1380 402 curiam

133 430 276 469 reditus
304 434 416 467 esset.
478 440 563 466 120.
594 427 721 474 Nunc,
750 427 782 465 si
810 438 927 476 quem
956 426 1029 464 Cn.
1058 426 1209 464 Lentuli
1243 434 1307 465 aut
1334 427 1380 466 L.

134 494 247 534 Gellii
267 495 421 532 libertus
441 493 528 531 furti
557 492 846 531 condemnarit:
873 493 917 538 is,
937 493 1116 530 omnibus
1145 493 1382 530 ornamentis

134 561 295 603 amissis,
329 570 543 608 numquam
579 558 696 596 ullam
728 557 936 596 honestatis
970 569 1061 596 suae
1099 563 1246 607 partem
1279 570 1384 596 recu-
1401 572 1418 605 5

135 626 308 676 perabit:
338 637 437 676 quos
457 631 584 662 autem
604 625 686 675 ipse
704 623 749 661 L.
770 623 915 662 Gellius
936 629 972 661 et
993 623 1064 662 Cn.
1086 622 1284 670 Lentulus,
1305 623 1383 662 duo

135 702 328 737 censores,
349 690 545 728 clarissimi
564 689 643 734 viri,
663 688 1007 738 sapientissimique
1032 687 1221 735 homines,
1239 688 1327 726 furti
1345 695 1384 726 et

136 762 335 806 captarum
358 755 606 804 pecuniarum
634 754 804 799 nomine,
823 759 1071 791 notaverunt:
1100 753 1124 790 ii
1154 765 1234 791 non
1263 754 1383 792 modo

136 822 176 859 in
204 827 379 859 senatum
407 820 610 865 redierunt,
639 818 707 856 sed
735 819 850 856 etiam
877 818 1023 855 illarum
1061 818 1230 868 ipsarum
1257 831 1384 857 rerum

136 885 284 924 iudiciis
303 884 467 922 absoluti
493 890 591 921 sunt.
1406 899 1442 921 ιο

191 954 262 989 43.
290 949 498 988 Neminem
517 948 716 987 voluerunt
743 949 907 986 maiores
935 949 1054 987 nostri
1082 961 1161 986 non
1189 949 1309 987 modo
1337 949 1385 987 de

138 1017 417 1056 existimatione
450 1015 685 1064 cuiusquam,
715 1014 784 1052 sed
814 1026 862 1051 ne
895 1015 1113 1063 pecuniaria
1146 1015 1303 1064 quidem
1336 1015 1384 1053 de

138 1094 179 1120 re
207 1080 367 1118 minima
394 1091 479 1118 esse
506 1079 685 1126 iudicem,
708 1079 781 1117 nisi
808 1079 874 1129 qui
902 1079 999 1117 inter
1027 1079 1264 1118 adversarios
1292 1092 1386 1118 con-

139 1146 314 1185 venisset.
371 1145 615 1194 Quapropter
642 1144 682 1181 in
701 1145 881 1182 omnibus
909 1144 1067 1193 legibus,
1091 1145 1229 1194 quibus
1248 1157 1387 1196 excep-

140 1218 222 1249 tum
251 1217 320 1257 est,
348 1210 396 1248 de
425 1209 562 1259 quibus
591 1210 716 1247 causis
745 1215 809 1247 aut
841 1209 1105 1258 magistratum
1136 1222 1273 1259 capere
1307 1223 1387 1249 non
1406 1227 1442 1258 15

141 1276 264 1322 liceat,
279 1281 344 1313 aut
363 1275 528 1313 iudicem
547 1274 633 1324 legi,
649 1281 714 1312 aut
735 1274 894 1312 alterurn
914 1286 1104 1320 accusare,
1121 1274 1216 1313 haec
1237 1276 1389 1324 ignom-

142 1340 242 1378 iniae
261 1351 378 1378 causa
396 1338 665 1388 praetermissa
684 1345 752 1376 est.
809 1338 979 1376 Timoris
998 1339 1101 1376 enim
1121 1352 1288 1386 causam,
1309 1353 1390 1379 non

143 1405 242 1442 vitae
279 1415 448 1455 poenam
483 1404 525 1441 in
561 1403 622 1440 illa
658 1410 847 1453 potestate
893 1414 978 1441 esse
1015 1403 1224 1443 voluerunt.
1278 1418 1389 1454 Ι[21.

145 1470 280 1519 Itaque
317 1481 398 1507 non
436 1468 572 1514 solum,
607 1468 761 1513 iudices,
797 1467 887 1506 illud
925 1469 1139 1516 ostendam,
1172 1470 1278 1520 quod
1314 1471 1391 1509 iam

144 1536 291 1581 videtis,
320 1534 452 1584 populi
480 1533 648 1571 Romani
677 1533 866 1582 suffragiis
894 1545 1170 1583 saepenumero
1199 1537 1392 1575 censorias
1409 1553 1448 1578 20

145 1600 445 1650 subscriptiones
473 1610 556 1636 esse
586 1598 742 1644 deletas,
771 1609 901 1635 verum
929 1598 1043 1636 etiam
1072 1599 1218 1638 iudiciis
1247 1613 1392 1648 eorum,

145 1667 212 1716 qui
248 1666 357 1703 iurati
395 1670 557 1702 statuere
595 1663 739 1700 maiore
778 1675 866 1701 cum
904 1663 1087 1712 religione
1125 1671 1164 1702 et
1201 1665 1395 1716 diligentia

147 1731 368 1770 debuerunt.
426 1728 596 1766 Primum
634 1727 789 1773 iudices,
819 1734 1014 1766 senatores
1052 1730 1274 1780 equitesque
1312 1731 1394 1770 Ro-

147 1796 264 1842 mani,
285 1796 324 1833 in
343 1794 602 1844 compluribus
622 1794 699 1831 iam
718 1793 803 1839 reis,
819 1804 918 1842 quos
937 1799 1069 1831 contra
1088 1794 1193 1844 leges
1212 1797 1395 1845 pecunias

149 1861 297 1912 cepisse
327 1859 582 1908 subscriptum
601 1865 670 1904 est,
690 1869 781 1896 suae
801 1858 927 1907 potius
955 1858 1140 1908 religioni,
1161 1872 1278 1910 quam
1307 1873 1395 1900 cen-
1414 1877 1451 1910 ²5

23 1926 26 1927 ⁷
150 1937 280 1965 sorum
300 1924 484 1975 opinioni,
505 1930 720 1974 paruerunt.
777 1922 928 1960 Deinde
949 1930 1145 1972 praetores
1166 1926 1311 1973 urbani,
1332 1928 1397 1977 qui

153 1991 262 2030 iurati
278 1990 420 2029 debent
438 1989 627 2039 optimum
642 1999 835 2037 quemque
854 1987 893 2025 in
909 1988 1070 2027 selectos
1089 1989 1233 2029 iudices
1247 1991 1398 2038 referre,

71 2079 97 2109 2
151 2067 364 2106 numquam
384 2055 454 2092 sibi
473 2054 523 2092 ad
537 2066 620 2092 eam
637 2065 717 2091 rem
733 2053 947 2091 censoriam
966 2053 1219 2104 ignominiam
1239 2055 1399 2105 impedi-

154 2128 286 2159 mento
313 2131 399 2158 esse
431 2125 610 2168 oportere
641 2118 840 2156 duxerunt.
900 2129 984 2156 122.
1015 2117 1207 2158 Censores
1236 2119 1401 2170 denique

26 2188 29 2195 '
82 2202 94 2239 Q
155 2186 228 2236 ipsi
256 2196 371 2234 saepe
399 2195 560 2222 numero
591 2183 830 2232 superiorum
858 2193 1059 2220 censorum
1089 2184 1235 2222 iudiciis
1255 2182 1303 2235 (si
1331 2185 1401 2223 ista
1415 2201 1458 2231 30

157 2250 297 2288 iudicia
324 2248 503 2300 appellari
525 2248 653 2295 vultis)
674 2258 753 2284 non
782 2252 973 2285 steterunt.
1031 2249 1158 2298 Atque
1187 2250 1301 2287 etiam
1330 2249 1402 2299 ipsi

158 2315 255 2353 inter
286 2325 329 2353 se
358 2325 538 2352 censores
566 2324 636 2351 sua
672 2311 810 2350 iudicia
847 2312 940 2349 tanti
976 2324 1060 2352 esse
1098 2313 1333 2361 arbitrantur,
1361 2322 1402 2354 ut
