1650 2554
153 169 390 208 §5151-155·
451 163 629 197 ORATIO
658 162 754 195 PRO
781 161 828 195 A.
861 161 1105 194 eLUENrso.
1318 161 1398 206 125

151 270 428 320 amplissimum
455 269 584 308 locum
612 267 819 319 pervenire,
846 268 878 306 si
906 279 975 305 sua
1001 266 1125 305 studia
1153 266 1203 305 ad
1229 266 1400 304 honores

151 335 338 385 petendos
375 334 550 373 conferre
587 334 816 380 voluissent3
859 345 944 370 sese
982 333 1130 379 vidisse,
1164 332 1205 369 in
1242 343 1288 369 ea
1323 331 1398 368 vita

151 400 273 450 qualis
304 399 486 450 splendor
515 399 668 445 inesset,
701 404 844 448 quanta
872 404 1109 442 ornamenta,
1141 408 1240 446 quae
1272 395 1397 445 digni-

150 473 228 504 tas:
258 477 357 515 quae
385 477 426 502 se
452 476 534 502 non
562 464 848 513 contempsisse,
871 463 940 500 sed
966 462 1100 500 ordine
1127 474 1208 508 suo,
1228 466 1396 511 patrum-

151 543 226 580 que
245 542 412 576 suorum,
434 535 637 567 contentos
656 528 794 566 fuisse:
823 533 861 565 et
885 528 1000 565 vitam
1029 527 1130 565 illam
1158 525 1397 576 tranquillam
1414 540 1430 571 5

150 603 188 633 et
215 595 394 645 quietam,
420 600 609 631 remotam
636 605 660 631 a
687 593 863 643 procellis
892 592 1128 638 invidiarum,
1155 597 1193 630 et
1220 591 1396 629 huiusce-

150 661 258 699 modi
295 660 523 697 iudiciorum
561 658 757 704 amfractu,
797 658 904 707 sequi
942 657 1131 696 maluisse.
1199 665 1287 704 154.
1320 656 1399 693 Aut

151 728 222 765 sibi
242 726 291 764 ad
310 725 477 763 honores
500 724 689 774 petendos
708 729 872 761 aetatem
898 723 1086 773 integram
1105 722 1247 761 restitui
1267 727 1398 771 oport-

151 804 236 829 ere:
265 798 340 836 aut‚
362 789 544 840 quoniam
570 788 610 827 id
635 799 715 825 non
739 794 881 837 posset,
903 800 989 826 eam
1009 787 1271 826 conditionem
1289 787 1398 832 vitae,

152 870 269 908 quam
283 856 401 895 secuti
420 855 645 905 petitionem
660 854 911 903 reliquissent,
923 866 1096 892 manere:
1115 853 1290 903 iniquum
1302 864 1397 898 esse,
1417 867 1455 889 ιο

153 935 231 969 eos,
252 922 318 971 qui
346 920 539 959 honorum
562 926 799 961 ornamenta,
820 925 976 968 propter
998 918 1253 968 periculorum
1277 917 1400 955 multi-

152 987 335 1031 tudinem,
356 984 709 1035 praetermisissent,
729 983 863 1033 populi
889 984 1084 1021 beneficiis
1113 995 1199 1021 esse
1222 983 1400 1033 privatos,

152 1052 379 1091 iudiciorum
399 1061 587 1087 novorum
607 1048 783 1098 periculis
803 1060 884 1086 non
904 1060 1054 1086 carere:
1085 1054 1302 1086 senatorem
1326 1046 1402 1085 hoc

154 1117 261 1168 queri
281 1127 361 1153 non
381 1126 508 1164 posse,
529 1119 732 1163 propterea
751 1112 857 1162 quod
884 1125 929 1150 ea
956 1113 1178 1151 conditione
1203 1113 1402 1162 proposita

154 1189 283 1233 petere
316 1180 527 1229 coepisset:
569 1178 751 1228 quodque
783 1178 971 1227 permulta
1004 1184 1132 1216 essent
1164 1185 1400 1223 ornamenta,
1421 1193 1456 1224 15

156 1247 293 1296 quibus
314 1257 399 1282 eam
422 1243 596 1293 mitigare
622 1242 839 1280 molestiam
861 1249 1014 1291 posset:
1043 1242 1163 1288 locus,
1184 1242 1401 1288 auctoritas,

157 1311 264 1349 domi
292 1308 486 1359 splendor,
515 1307 619 1357 apud
647 1314 796 1345 exteras
827 1307 1002 1345 nationes
1032 1318 1177 1344 nomen
1205 1313 1242 1345 et
1270 1308 1402 1357 gratia,

157 1383 249 1426 toga
275 1380 480 1425 praetexta,
509 1372 601 1410 sella
629 1371 766 1409 curulis
796 1369 1008 1423 [insignia],
1039 1371 1174 1418 fasces,
1204 1372 1404 1418 exercitus,

158 1440 328 1490 imperia,
348 1437 587 1488 provinciae:
617 1437 755 1486 quibus
782 1436 822 1473 in
847 1436 960 1474 rebus
988 1448 1108 1486 quum
1128 1448 1280 1475 summa
1303 1443 1405 1475 recte

159 1505 268 1543 sactis
286 1504 451 1541 maiores
470 1502 590 1540 nostri
610 1501 788 1550 praemia,
810 1507 892 1538 tum
915 1501 1024 1551 plura
1049 1502 1216 1551 peccatis
1238 1502 1406 1551 pericula
1423 1517 1463 1540 20

159 1569 358 1620 proposita
376 1579 461 1605 esse
480 1566 690 1605 voluerunt.
745 1566 803 1603 Illi
830 1578 910 1604 non
935 1566 1011 1604 hoc
1033 1568 1272 1613 recusabant,
1292 1579 1339 1605 ea
1357 1579 1407 1605 ne
1444 1564 1446 1567 ’

159 1635 244 1684 lege
265 1639 541 1679 accusarentur,
563 1644 638 1681 qua
658 1643 760 1669 nunc
782 1630 948 1669 Habitus
968 1638 1180 1678 accusatur,
1197 1644 1296 1682 quae
1315 1638 1407 1670 tunc

161 1706 239 1739 erat
259 1698 497 1748 Sempronia,
519 1708 622 1734 nunc
642 1704 698 1735 est
718 1695 918 1734 Cornelia:
947 1697 1209 1746 intelligebant
1227 1698 1341 1744 enim,
1362 1709 1409 1735 ea

161 1764 246 1814 lege
274 1770 490 1813 equestrem
519 1762 694 1800 ordinem
722 1773 803 1799 non
835 1761 975 1799 teneri:
1014 1762 1083 1800 sed
1113 1774 1162 1800 ne
1192 1773 1292 1800 nova
1323 1762 1408 1811 lege

162 1829 414 1878 alligarentur,
444 1828 678 1866 laborabant.
745 1836 830 1875 155.
867 1826 1033 1865 Habitus
1065 1839 1114 1864 ne
1148 1827 1222 1866 hoe
1252 1827 1408 1876 quidem
1425 1842 1463 1874 25

163 1905 345 1944 umquam
365 1892 561 1938 recusavit,
581 1904 660 1942 quo
683 1892 812 1929 minus
836 1892 895 1929 vel
921 1904 967 1929 ea
994 1891 1080 1942 lege
1105 1892 1293 1930 rationem
1311 1892 1408 1930 vitae

165 1970 254 1996 suae
275 1957 460 2005 redderet,
476 1970 552 2008 qua
570 1969 651 1994 non
670 1962 870 1994 teneretur.
927 1955 1038 2003 Quae
1059 1957 1091 1995 si
1110 1957 1218 1995 vobis
1238 1957 1408 1995 conditio

165 2022 309 2072 placet:
333 2034 470 2060 omnes
485 2022 524 2060 id
544 2034 715 2072 agamus,
731 2028 771 2059 ut
790 2022 884 2059 haec
899 2033 1015 2071 quam
1035 2022 1201 2072 primum
1219 2021 1260 2059 in
1274 2033 1410 2060 omnes

166 2087 319 2125 ordines
339 2087 514 2137 quaestio
533 2086 751 2137 perferatur.

221 2155 290 2191 5⁰7.
330 2151 481 2190 Interea
513 2152 679 2203 quidem,
709 2163 776 2201 per
810 2151 904 2190 deos
936 2152 1190 2190 immortales!
1229 2152 1410 2201 quoniam
1425 2167 1469 2198 30

169 2215 299 2254 omnia
321 2217 528 2255 commoda
554 2223 693 2262 nostra,
714 2216 806 2260 iura,
828 2216 1049 2263 libertatem,
1069 2217 1228 2255 salutem
1248 2217 1413 2267 denique

171 2280 317 2331 legibus
346 2281 574 2329 obtinemus,
606 2294 629 2320 a
658 2282 806 2331 legibus
837 2293 916 2320 non
945 2282 1188 2321 recedamus:
1231 2282 1343 2327 simul
1375 2288 1414 2322 et
