<?xml version="1.0" encoding="UTF-8"?>
<!DOCTYPE html PUBLIC "-//W3C//DTD XHTML 1.0 Transitional//EN"
    "http://www.w3.org/TR/xhtml1/DTD/xhtml1-transitional.dtd">
<html xmlns="http://www.w3.org/1999/xhtml" xml:lang="en" lang="en">
 <head>
  <title>
</title>
<meta http-equiv="Content-Type" content="text/html;charset=utf-8" />
  <meta name='ocr-system' content='tesseract 3.04.00' />
  <meta name='ocr-capabilities' content='ocr_page ocr_carea ocr_par ocr_line ocrx_word'/>
</head>
<body>
  <div class='ocr_page' id='page_1' title='image "./procluentiowithi00ciceuoft/procluentiowithi00ciceuoft_0117.png"; bbox 0 0 1650 2554; ppageno 0'>
   <div class='ocr_carea' id='block_1_1' title="bbox 316 0 1195 15">
    <p class='ocr_par' dir='ltr' id='par_1_1' title="bbox 316 0 1195 15">
     <span class='ocr_line' id='line_1_1' title="bbox 316 0 1195 15; baseline 0.001 -8"><span class='ocrx_word' id='word_1_1' title='bbox 316 0 346 12; x_wconf 52' lang='grc' dir='ltr'><strong>,η</strong></span> <span class='ocrx_word' id='word_1_2' title='bbox 355 0 357 2; x_wconf 98' lang='grc'>-</span> <span class='ocrx_word' id='word_1_3' title='bbox 366 0 486 11; x_wconf 53' lang='grc' dir='ltr'><strong>-Ν-μνψ-,Π</strong></span> <span class='ocrx_word' id='word_1_4' title='bbox 497 0 588 13; x_wconf 34' lang='lat' dir='ltr'><strong>-ffl-ww-,q&gt;</strong></span> <span class='ocrx_word' id='word_1_5' title='bbox 596 0 641 9; x_wconf 36' lang='lat' dir='ltr'><strong>„sn</strong></span> <span class='ocrx_word' id='word_1_6' title='bbox 655 0 686 10; x_wconf 82' lang='grc'><strong>-,</strong></span> <span class='ocrx_word' id='word_1_7' title='bbox 716 0 803 14; x_wconf 21' lang='grc' dir='ltr'><strong>,ψ’-,τη</strong></span> <span class='ocrx_word' id='word_1_8' title='bbox 814 0 822 5; x_wconf 44' lang='lat' dir='ltr'>v</span> <span class='ocrx_word' id='word_1_9' title='bbox 832 0 950 15; x_wconf 31' lang='lat' dir='ltr'><strong>„qm-we.</strong></span> <span class='ocrx_word' id='word_1_10' title='bbox 982 0 1142 13; x_wconf 49' lang='lat' dir='ltr'><strong>vwvmvsrf-ryyoe</strong></span> <span class='ocrx_word' id='word_1_11' title='bbox 1187 1 1195 3; x_wconf 43' lang='lat'><strong>⁴</strong></span> 
     </span>
    </p>
   </div>
   <div class='ocr_carea' id='block_1_2' title="bbox 145 172 1394 219">
    <p class='ocr_par' dir='ltr' id='par_1_2' title="bbox 145 172 1394 219">
     <span class='ocr_line' id='line_1_2' title="bbox 145 172 1394 219; baseline -0.002 -12"><span class='ocrx_word' id='word_1_12' title='bbox 145 181 191 218; x_wconf 60' lang='grc'><strong>,55</strong></span> <span class='ocrx_word' id='word_1_13' title='bbox 214 183 393 219; x_wconf 76' lang='grc' dir='ltr'><strong>ιοῚ-ιη,</strong></span> <span class='ocrx_word' id='word_1_14' title='bbox 462 176 639 209; x_wconf 82' lang='lat' dir='ltr'><em>ORATIO</em></span> <span class='ocrx_word' id='word_1_15' title='bbox 666 177 762 208; x_wconf 86' lang='lat' dir='ltr'><strong>PRO</strong></span> <span class='ocrx_word' id='word_1_16' title='bbox 788 175 835 207; x_wconf 71' lang='lat' dir='ltr'><strong>A.</strong></span> <span class='ocrx_word' id='word_1_17' title='bbox 858 172 1104 208; x_wconf 85' lang='lat' dir='ltr'><em>C&#39;LUENTIO.</em></span> <span class='ocrx_word' id='word_1_18' title='bbox 1130 174 1135 178; x_wconf 86' lang='lat'>&#39;</span> <span class='ocrx_word' id='word_1_19' title='bbox 1312 173 1394 219; x_wconf 80' lang='lat'><strong>105</strong></span> 
     </span>
    </p>
   </div>
   <div class='ocr_carea' id='block_1_3' title="bbox 147 277 1470 2281">
    <p class='ocr_par' dir='ltr' id='par_1_3' title="bbox 149 277 1397 332">
     <span class='ocr_line' id='line_1_3' title="bbox 149 277 1397 332; baseline -0.005 -11"><span class='ocrx_word' id='word_1_20' title='bbox 149 283 330 322; x_wconf 90' lang='lat' dir='ltr'><strong>omnibus</strong></span> <span class='ocrx_word' id='word_1_21' title='bbox 357 295 447 320; x_wconf 91' lang='lat' dir='ltr'><strong>eum</strong></span> <span class='ocrx_word' id='word_1_22' title='bbox 474 282 591 321; x_wconf 83' lang='lat' dir='ltr'><strong>fuisse</strong></span> <span class='ocrx_word' id='word_1_23' title='bbox 611 282 813 327; x_wconf 86' lang='lat' dir='ltr'><strong>desertum,</strong></span> <span class='ocrx_word' id='word_1_24' title='bbox 833 281 897 332; x_wconf 90' lang='lat' dir='ltr'><strong>qui</strong></span> <span class='ocrx_word' id='word_1_25' title='bbox 923 293 965 319; x_wconf 90' lang='lat' dir='ltr'><strong>se</strong></span> <span class='ocrx_word' id='word_1_26' title='bbox 990 280 1040 319; x_wconf 90' lang='lat' dir='ltr'><strong>ad</strong></span> <span class='ocrx_word' id='word_1_27' title='bbox 1058 285 1263 330; x_wconf 88' lang='lat' dir='ltr'><strong>patronum</strong></span> <span class='ocrx_word' id='word_1_28' title='bbox 1291 277 1397 316; x_wconf 90' lang='lat' dir='ltr'><strong>illum</strong></span> 
     </span>
    </p>

    <p class='ocr_par' dir='ltr' id='par_1_4' title="bbox 150 344 1396 394">
     <span class='ocr_line' id='line_1_4' title="bbox 150 344 1396 394; baseline -0.005 -8"><span class='ocrx_word' id='word_1_29' title='bbox 150 348 384 386; x_wconf 84' lang='lat' dir='ltr'><strong>contulisset.</strong></span> <span class='ocrx_word' id='word_1_30' title='bbox 459 347 551 385; x_wconf 87' lang='lat' dir='ltr'>Erat</span> <span class='ocrx_word' id='word_1_31' title='bbox 579 347 684 385; x_wconf 89' lang='lat' dir='ltr'><strong>enim</strong></span> <span class='ocrx_word' id='word_1_32' title='bbox 714 346 864 384; x_wconf 89' lang='lat' dir='ltr'><strong>Romae</strong></span> <span class='ocrx_word' id='word_1_33' title='bbox 892 356 1044 384; x_wconf 89' lang='lat' dir='ltr'><strong>summa</strong></span> <span class='ocrx_word' id='word_1_34' title='bbox 1072 344 1186 394; x_wconf 88' lang='lat' dir='ltr'><strong>copia</strong></span> <span class='ocrx_word' id='word_1_35' title='bbox 1213 349 1396 393; x_wconf 87' lang='lat' dir='ltr'><strong>patrono-</strong></span> 
     </span>
    </p>

    <p class='ocr_par' dir='ltr' id='par_1_5' title="bbox 151 408 1408 462">
     <span class='ocr_line' id='line_1_5' title="bbox 151 408 1408 462; baseline -0.006 -11"><span class='ocrx_word' id='word_1_36' title='bbox 151 425 247 456; x_wconf 88' lang='lat' dir='ltr'>rum,</span> <span class='ocrx_word' id='word_1_37' title='bbox 274 412 477 451; x_wconf 89' lang='lat' dir='ltr'><strong>hominum</strong></span> <span class='ocrx_word' id='word_1_38' title='bbox 505 412 904 462; x_wconf 86' lang='lat' dir='ltr'>eloquentissimorum</span> <span class='ocrx_word' id='word_1_39' title='bbox 933 418 1046 459; x_wconf 89' lang='lat' dir='ltr'><strong>atque</strong></span> <span class='ocrx_word' id='word_1_40' title='bbox 1074 408 1408 459; x_wconf 84' lang='lat' dir='ltr'><strong>amplissimorum,</strong></span> 
     </span>
    </p>

    <p class='ocr_par' dir='ltr' id='par_1_6' title="bbox 149 473 1396 527">
     <span class='ocr_line' id='line_1_6' title="bbox 149 473 1396 527; baseline -0.006 -11"><span class='ocrx_word' id='word_1_41' title='bbox 149 489 313 527; x_wconf 90' lang='lat' dir='ltr'><strong>quorum</strong></span> <span class='ocrx_word' id='word_1_42' title='bbox 341 484 442 516; x_wconf 89' lang='lat' dir='ltr'><strong>certe</strong></span> <span class='ocrx_word' id='word_1_43' title='bbox 470 477 605 527; x_wconf 90' lang='lat' dir='ltr'><strong>aliquis</strong></span> <span class='ocrx_word' id='word_1_44' title='bbox 634 476 866 514; x_wconf 84' lang='lat' dir='ltr'><strong>defendisset</strong></span> <span class='ocrx_word' id='word_1_45' title='bbox 896 475 1062 525; x_wconf 90' lang='lat' dir='ltr'><strong>equitem</strong></span> <span class='ocrx_word' id='word_1_46' title='bbox 1092 473 1327 519; x_wconf 90' lang='lat' dir='ltr'><strong>Romanum,</strong></span> <span class='ocrx_word' id='word_1_47' title='bbox 1356 473 1396 510; x_wconf 92' lang='lat' dir='ltr'><strong>in</strong></span> 
     </span>
    </p>

    <p class='ocr_par' dir='ltr' id='par_1_7' title="bbox 147 537 1432 657">
     <span class='ocr_line' id='line_1_7' title="bbox 147 537 1432 592; baseline -0.005 -11"><span class='ocrx_word' id='word_1_48' title='bbox 147 543 358 592; x_wconf 91' lang='lat' dir='ltr'><strong>municipio</strong></span> <span class='ocrx_word' id='word_1_49' title='bbox 396 554 467 580; x_wconf 92' lang='lat' dir='ltr'><strong>suo</strong></span> <span class='ocrx_word' id='word_1_50' title='bbox 505 542 686 588; x_wconf 89' lang='lat' dir='ltr'><strong>nobilem,</strong></span> <span class='ocrx_word' id='word_1_51' title='bbox 726 542 757 579; x_wconf 90' lang='lat' dir='ltr'><strong>si</strong></span> <span class='ocrx_word' id='word_1_52' title='bbox 795 540 958 579; x_wconf 87' lang='lat' dir='ltr'><strong>honeste</strong></span> <span class='ocrx_word' id='word_1_53' title='bbox 995 545 1168 590; x_wconf 90' lang='lat' dir='ltr'><strong>putasset</strong></span> <span class='ocrx_word' id='word_1_54' title='bbox 1205 537 1399 576; x_wconf 91' lang='lat' dir='ltr'><strong>eiusmodi</strong></span> <span class='ocrx_word' id='word_1_55' title='bbox 1416 552 1432 583; x_wconf 83' lang='lat'>5</span> 
     </span>
     <span class='ocr_line' id='line_1_8' title="bbox 149 606 625 657; baseline -0.004 -11"><span class='ocrx_word' id='word_1_56' title='bbox 149 619 305 646; x_wconf 88' lang='lat' dir='ltr'><strong>causam</strong></span> <span class='ocrx_word' id='word_1_57' title='bbox 323 619 440 657; x_wconf 88' lang='lat' dir='ltr'><strong>posse</strong></span> <span class='ocrx_word' id='word_1_58' title='bbox 461 606 625 645; x_wconf 91' lang='lat' dir='ltr'><strong>defendi.</strong></span> 
     </span>
    </p>

    <p class='ocr_par' dir='ltr' id='par_1_8' title="bbox 147 671 1470 2281">
     <span class='ocr_line' id='line_1_9' title="bbox 201 671 1397 722; baseline -0.005 -12"><span class='ocrx_word' id='word_1_59' title='bbox 201 676 274 710; x_wconf 82' lang='lat'><strong>40.</strong></span> <span class='ocrx_word' id='word_1_60' title='bbox 308 685 395 710; x_wconf 92' lang='lat'>110.</span> <span class='ocrx_word' id='word_1_61' title='bbox 424 672 527 710; x_wconf 89' lang='lat' dir='ltr'><strong>Nam</strong></span> <span class='ocrx_word' id='word_1_62' title='bbox 557 671 739 718; x_wconf 87' lang='lat' dir='ltr'><strong>Quintius</strong></span> <span class='ocrx_word' id='word_1_63' title='bbox 767 671 934 721; x_wconf 89' lang='lat' dir='ltr'><strong>quidem,</strong></span> <span class='ocrx_word' id='word_1_64' title='bbox 964 682 1080 722; x_wconf 89' lang='lat' dir='ltr'><strong>quam</strong></span> <span class='ocrx_word' id='word_1_65' title='bbox 1120 681 1276 708; x_wconf 86' lang='lat' dir='ltr'><strong>causam</strong></span> <span class='ocrx_word' id='word_1_66' title='bbox 1312 679 1397 706; x_wconf 90' lang='lat' dir='ltr'><strong>um-</strong></span> 
     </span>
     <span class='ocr_line' id='line_1_10' title="bbox 149 735 1392 787; baseline -0.004 -12"><span class='ocrx_word' id='word_1_67' title='bbox 149 749 267 787; x_wconf 85' lang='lat' dir='ltr'><strong>quam</strong></span> <span class='ocrx_word' id='word_1_68' title='bbox 295 744 408 775; x_wconf 86' lang='lat' dir='ltr'><strong>antea</strong></span> <span class='ocrx_word' id='word_1_69' title='bbox 435 738 592 782; x_wconf 84' lang='lat' dir='ltr'><strong>dixerat,</strong></span> <span class='ocrx_word' id='word_1_70' title='bbox 611 747 731 785; x_wconf 90' lang='lat' dir='ltr'><strong>quum</strong></span> <span class='ocrx_word' id='word_1_71' title='bbox 759 747 882 774; x_wconf 85' lang='lat' dir='ltr'><strong>annos</strong></span> <span class='ocrx_word' id='word_1_72' title='bbox 910 735 959 773; x_wconf 90' lang='lat' dir='ltr'><strong>ad</strong></span> <span class='ocrx_word' id='word_1_73' title='bbox 978 735 1254 785; x_wconf 86' lang='lat' dir='ltr'><strong>quinquaginta</strong></span> <span class='ocrx_word' id='word_1_74' title='bbox 1281 739 1392 771; x_wconf 87' lang='lat' dir='ltr'><strong>natus</strong></span> 
     </span>
     <span class='ocr_line' id='line_1_11' title="bbox 149 798 1396 853; baseline -0.003 -13"><span class='ocrx_word' id='word_1_75' title='bbox 149 804 275 840; x_wconf 87' lang='lat' dir='ltr'><strong>esset?</strong></span> <span class='ocrx_word' id='word_1_76' title='bbox 304 803 389 853; x_wconf 89' lang='lat' dir='ltr'><strong>quis</strong></span> <span class='ocrx_word' id='word_1_77' title='bbox 418 814 506 841; x_wconf 90' lang='lat' dir='ltr'><strong>eum</strong></span> <span class='ocrx_word' id='word_1_78' title='bbox 534 813 719 851; x_wconf 90' lang='lat' dir='ltr'><strong>umquam</strong></span> <span class='ocrx_word' id='word_1_79' title='bbox 747 813 828 839; x_wconf 89' lang='lat' dir='ltr'><strong>non</strong></span> <span class='ocrx_word' id='word_1_80' title='bbox 856 800 975 838; x_wconf 91' lang='lat' dir='ltr'><strong>modo</strong></span> <span class='ocrx_word' id='word_1_81' title='bbox 1002 801 1042 838; x_wconf 89' lang='lat' dir='ltr'><strong>in</strong></span> <span class='ocrx_word' id='word_1_82' title='bbox 1070 800 1232 850; x_wconf 90' lang='lat' dir='ltr'><strong>patroni,</strong></span> <span class='ocrx_word' id='word_1_83' title='bbox 1259 798 1327 837; x_wconf 89' lang='lat' dir='ltr'><strong>sed</strong></span> <span class='ocrx_word' id='word_1_84' title='bbox 1356 798 1396 836; x_wconf 91' lang='lat' dir='ltr'><strong>in</strong></span> 
     </span>
     <span class='ocr_line' id='line_1_12' title="bbox 147 863 1452 915; baseline -0.005 -10"><span class='ocrx_word' id='word_1_85' title='bbox 147 867 365 913; x_wconf 89' lang='lat' dir='ltr'><strong>laudatoris,</strong></span> <span class='ocrx_word' id='word_1_86' title='bbox 395 874 459 905; x_wconf 92' lang='lat' dir='ltr'><strong>aut</strong></span> <span class='ocrx_word' id='word_1_87' title='bbox 491 866 664 904; x_wconf 88' lang='lat' dir='ltr'><strong>advocati</strong></span> <span class='ocrx_word' id='word_1_88' title='bbox 693 865 781 903; x_wconf 90' lang='lat' dir='ltr'><strong>loco</strong></span> <span class='ocrx_word' id='word_1_89' title='bbox 811 865 978 903; x_wconf 87' lang='lat' dir='ltr'><strong>viderat?</strong></span> <span class='ocrx_word' id='word_1_90' title='bbox 1017 865 1081 915; x_wconf 91' lang='lat' dir='ltr'><strong>qui</strong></span> <span class='ocrx_word' id='word_1_91' title='bbox 1115 865 1220 914; x_wconf 90' lang='lat' dir='ltr'><strong>quod</strong></span> <span class='ocrx_word' id='word_1_92' title='bbox 1250 863 1394 901; x_wconf 89' lang='lat' dir='ltr'><strong>Rostra</strong></span> <span class='ocrx_word' id='word_1_93' title='bbox 1414 878 1452 900; x_wconf 86' lang='grc' dir='ltr'><strong>ιο</strong></span> 
     </span>
     <span class='ocr_line' id='line_1_13' title="bbox 149 927 1392 980; baseline -0.005 -10"><span class='ocrx_word' id='word_1_94' title='bbox 149 932 293 970; x_wconf 88' lang='lat' dir='ltr'><strong>iamdiu</strong></span> <span class='ocrx_word' id='word_1_95' title='bbox 320 944 451 978; x_wconf 86' lang='lat' dir='ltr'><strong>vacua,</strong></span> <span class='ocrx_word' id='word_1_96' title='bbox 476 931 683 980; x_wconf 90' lang='lat' dir='ltr'><strong>locumque</strong></span> <span class='ocrx_word' id='word_1_97' title='bbox 710 930 827 973; x_wconf 91' lang='lat' dir='ltr'><strong>illum,</strong></span> <span class='ocrx_word' id='word_1_98' title='bbox 847 937 936 979; x_wconf 88' lang='lat' dir='ltr'><strong>post</strong></span> <span class='ocrx_word' id='word_1_99' title='bbox 964 929 1170 968; x_wconf 89' lang='lat' dir='ltr'><strong>adventum</strong></span> <span class='ocrx_word' id='word_1_100' title='bbox 1198 928 1242 968; x_wconf 91' lang='lat' dir='ltr'><strong>L.</strong></span> <span class='ocrx_word' id='word_1_101' title='bbox 1266 927 1392 967; x_wconf 82' lang='lat' dir='ltr'><strong>Sullae</strong></span> 
     </span>
     <span class='ocr_line' id='line_1_14' title="bbox 151 994 1398 1044; baseline -0.003 -9"><span class='ocrx_word' id='word_1_102' title='bbox 151 1009 174 1035; x_wconf 91' lang='lat' dir='ltr'><strong>a</strong></span> <span class='ocrx_word' id='word_1_103' title='bbox 199 997 398 1035; x_wconf 90' lang='lat' dir='ltr'><strong>tribunicia</strong></span> <span class='ocrx_word' id='word_1_104' title='bbox 425 1009 520 1035; x_wconf 89' lang='lat' dir='ltr'><strong>voce</strong></span> <span class='ocrx_word' id='word_1_105' title='bbox 539 995 740 1042; x_wconf 88' lang='lat' dir='ltr'><strong>desertum,</strong></span> <span class='ocrx_word' id='word_1_106' title='bbox 763 1001 1017 1044; x_wconf 85' lang='lat' dir='ltr'><strong>oppresserat,</strong></span> <span class='ocrx_word' id='word_1_107' title='bbox 1036 994 1398 1043; x_wconf 87' lang='lat' dir='ltr'><strong>multitudinemque</strong></span> 
     </span>
     <span class='ocr_line' id='line_1_15' title="bbox 151 1060 1399 1101; baseline -0.003 -1"><span class='ocrx_word' id='word_1_108' title='bbox 151 1062 227 1100; x_wconf 88' lang='lat' dir='ltr'><strong>iam</strong></span> <span class='ocrx_word' id='word_1_109' title='bbox 253 1062 512 1101; x_wconf 83' lang='lat' dir='ltr'><strong>desuefactam</strong></span> <span class='ocrx_word' id='word_1_110' title='bbox 539 1073 562 1098; x_wconf 92' lang='lat' dir='ltr'><strong>a</strong></span> <span class='ocrx_word' id='word_1_111' title='bbox 590 1060 842 1099; x_wconf 90' lang='lat' dir='ltr'><strong>concionibus</strong></span> <span class='ocrx_word' id='word_1_112' title='bbox 871 1061 921 1098; x_wconf 90' lang='lat' dir='ltr'><strong>ad</strong></span> <span class='ocrx_word' id='word_1_113' title='bbox 948 1060 1082 1098; x_wconf 90' lang='lat' dir='ltr'><strong>veteris</strong></span> <span class='ocrx_word' id='word_1_114' title='bbox 1111 1060 1399 1098; x_wconf 89' lang='lat' dir='ltr'><strong>consuetudinis</strong></span> 
     </span>
     <span class='ocr_line' id='line_1_16' title="bbox 152 1125 1399 1175; baseline -0.003 -9"><span class='ocrx_word' id='word_1_115' title='bbox 152 1127 434 1166; x_wconf 88' lang='lat' dir='ltr'><strong>similitudinem</strong></span> <span class='ocrx_word' id='word_1_116' title='bbox 453 1132 703 1172; x_wconf 89' lang='lat' dir='ltr'><strong>revocaverat,</strong></span> <span class='ocrx_word' id='word_1_117' title='bbox 720 1126 863 1164; x_wconf 90' lang='lat' dir='ltr'><strong>idcirco</strong></span> <span class='ocrx_word' id='word_1_118' title='bbox 883 1125 1035 1163; x_wconf 87' lang='lat' dir='ltr'><strong>cuidam</strong></span> <span class='ocrx_word' id='word_1_119' title='bbox 1050 1125 1251 1163; x_wconf 89' lang='lat' dir='ltr'><strong>hominum</strong></span> <span class='ocrx_word' id='word_1_120' title='bbox 1267 1125 1399 1175; x_wconf 86' lang='lat' dir='ltr'><strong>generi</strong></span> 
     </span>
     <span class='ocr_line' id='line_1_17' title="bbox 151 1190 1455 1243; baseline -0.003 -12"><span class='ocrx_word' id='word_1_121' title='bbox 151 1192 356 1243; x_wconf 87' lang='lat' dir='ltr'><strong>paullisper</strong></span> <span class='ocrx_word' id='word_1_122' title='bbox 387 1191 588 1230; x_wconf 88' lang='lat' dir='ltr'><strong>iucundior</strong></span> <span class='ocrx_word' id='word_1_123' title='bbox 621 1190 701 1228; x_wconf 86' lang='lat' dir='ltr'><strong>fuit.</strong></span> <span class='ocrx_word' id='word_1_124' title='bbox 758 1190 886 1240; x_wconf 88' lang='lat' dir='ltr'><strong>Atque</strong></span> <span class='ocrx_word' id='word_1_125' title='bbox 924 1190 1028 1228; x_wconf 91' lang='lat' dir='ltr'><strong>idem</strong></span> <span class='ocrx_word' id='word_1_126' title='bbox 1060 1196 1206 1240; x_wconf 86' lang='lat' dir='ltr'><strong>quanto</strong></span> <span class='ocrx_word' id='word_1_127' title='bbox 1236 1190 1275 1227; x_wconf 90' lang='lat' dir='ltr'><strong>in</strong></span> <span class='ocrx_word' id='word_1_128' title='bbox 1308 1190 1399 1227; x_wconf 92' lang='lat' dir='ltr'><strong>odio</strong></span> <span class='ocrx_word' id='word_1_129' title='bbox 1419 1204 1455 1236; x_wconf 87' lang='lat'><strong>¹5</strong></span> 
     </span>
     <span class='ocr_line' id='line_1_18' title="bbox 151 1255 1400 1306; baseline -0.002 -11"><span class='ocrx_word' id='word_1_130' title='bbox 151 1263 288 1306; x_wconf 87' lang='lat' dir='ltr'><strong>postea</strong></span> <span class='ocrx_word' id='word_1_131' title='bbox 317 1258 396 1295; x_wconf 86' lang='lat' dir='ltr'><strong>suis</strong></span> <span class='ocrx_word' id='word_1_132' title='bbox 428 1256 499 1294; x_wconf 89' lang='lat' dir='ltr'><strong>illis</strong></span> <span class='ocrx_word' id='word_1_133' title='bbox 529 1255 622 1305; x_wconf 92' lang='lat' dir='ltr'><strong>ipsis</strong></span> <span class='ocrx_word' id='word_1_134' title='bbox 653 1255 733 1301; x_wconf 89' lang='lat' dir='ltr'><strong>fuit,</strong></span> <span class='ocrx_word' id='word_1_135' title='bbox 765 1267 833 1306; x_wconf 92' lang='lat' dir='ltr'><strong>per</strong></span> <span class='ocrx_word' id='word_1_136' title='bbox 866 1266 966 1304; x_wconf 93' lang='lat' dir='ltr'><strong>quos</strong></span> <span class='ocrx_word' id='word_1_137' title='bbox 995 1255 1036 1292; x_wconf 92' lang='lat' dir='ltr'><strong>in</strong></span> <span class='ocrx_word' id='word_1_138' title='bbox 1069 1255 1241 1293; x_wconf 89' lang='lat' dir='ltr'><strong>altiorem</strong></span> <span class='ocrx_word' id='word_1_139' title='bbox 1270 1255 1400 1293; x_wconf 89' lang='lat' dir='ltr'><strong>locum</strong></span> 
     </span>
     <span class='ocr_line' id='line_1_19' title="bbox 153 1319 1401 1370; baseline -0.002 -12"><span class='ocrx_word' id='word_1_140' title='bbox 153 1321 426 1359; x_wconf 75' lang='lat' dir='ltr'><strong>adscenderat!</strong></span> <span class='ocrx_word' id='word_1_141' title='bbox 482 1320 620 1370; x_wconf 90' lang='lat' dir='ltr'><strong>Neque</strong></span> <span class='ocrx_word' id='word_1_142' title='bbox 649 1320 793 1358; x_wconf 90' lang='lat' dir='ltr'><strong>iniuria.</strong></span> <span class='ocrx_word' id='word_1_143' title='bbox 854 1332 940 1357; x_wconf 89' lang='lat'>111.</span> <span class='ocrx_word' id='word_1_144' title='bbox 970 1319 1098 1358; x_wconf 90' lang='lat' dir='ltr'><strong>Facite</strong></span> <span class='ocrx_word' id='word_1_145' title='bbox 1125 1320 1240 1365; x_wconf 88' lang='lat' dir='ltr'><strong>enim,</strong></span> <span class='ocrx_word' id='word_1_146' title='bbox 1260 1326 1401 1357; x_wconf 89' lang='lat' dir='ltr'><strong>utnon</strong></span> 
     </span>
     <span class='ocr_line' id='line_1_20' title="bbox 155 1385 1402 1434; baseline -0.002 -10"><span class='ocrx_word' id='word_1_147' title='bbox 155 1387 280 1424; x_wconf 91' lang='lat' dir='ltr'><strong>solum</strong></span> <span class='ocrx_word' id='word_1_148' title='bbox 299 1398 427 1424; x_wconf 88' lang='lat' dir='ltr'><strong>mores</strong></span> <span class='ocrx_word' id='word_1_149' title='bbox 446 1386 526 1423; x_wconf 89' lang='lat' dir='ltr'><strong>eius</strong></span> <span class='ocrx_word' id='word_1_150' title='bbox 555 1391 592 1422; x_wconf 93' lang='lat' dir='ltr'><strong>et</strong></span> <span class='ocrx_word' id='word_1_151' title='bbox 611 1385 879 1434; x_wconf 85' lang='lat' dir='ltr'><strong>arrogantiam,</strong></span> <span class='ocrx_word' id='word_1_152' title='bbox 900 1385 969 1423; x_wconf 89' lang='lat' dir='ltr'><strong>sed</strong></span> <span class='ocrx_word' id='word_1_153' title='bbox 989 1386 1102 1423; x_wconf 88' lang='lat' dir='ltr'><strong>etiam</strong></span> <span class='ocrx_word' id='word_1_154' title='bbox 1121 1385 1267 1422; x_wconf 90' lang='lat' dir='ltr'><strong>vultum</strong></span> <span class='ocrx_word' id='word_1_155' title='bbox 1286 1391 1402 1434; x_wconf 90' lang='lat' dir='ltr'><strong>atque</strong></span> 
     </span>
     <span class='ocr_line' id='line_1_21' title="bbox 155 1449 1402 1501; baseline -0.002 -11"><span class='ocrx_word' id='word_1_156' title='bbox 155 1452 349 1497; x_wconf 88' lang='lat' dir='ltr'><strong>amictum,</strong></span> <span class='ocrx_word' id='word_1_157' title='bbox 369 1458 482 1501; x_wconf 89' lang='lat' dir='ltr'><strong>atque</strong></span> <span class='ocrx_word' id='word_1_158' title='bbox 509 1450 612 1487; x_wconf 90' lang='lat' dir='ltr'><strong>illam</strong></span> <span class='ocrx_word' id='word_1_159' title='bbox 631 1461 754 1499; x_wconf 88' lang='lat' dir='ltr'><strong>usque</strong></span> <span class='ocrx_word' id='word_1_160' title='bbox 782 1450 831 1488; x_wconf 91' lang='lat' dir='ltr'><strong>ad</strong></span> <span class='ocrx_word' id='word_1_161' title='bbox 849 1450 947 1487; x_wconf 86' lang='lat' dir='ltr'><strong>talos</strong></span> <span class='ocrx_word' id='word_1_162' title='bbox 967 1449 1174 1488; x_wconf 90' lang='lat' dir='ltr'><strong>demissam</strong></span> <span class='ocrx_word' id='word_1_163' title='bbox 1194 1461 1402 1499; x_wconf 87' lang='lat' dir='ltr'><strong>purpuram</strong></span> 
     </span>
     <span class='ocr_line' id='line_1_22' title="bbox 156 1512 1470 1564; baseline -0.002 -10"><span class='ocrx_word' id='word_1_164' title='bbox 156 1515 420 1554; x_wconf 90' lang='lat' dir='ltr'><strong>recordemini.</strong></span> <span class='ocrx_word' id='word_1_165' title='bbox 479 1515 530 1560; x_wconf 90' lang='lat' dir='ltr'><strong>Is,</strong></span> <span class='ocrx_word' id='word_1_166' title='bbox 547 1513 656 1564; x_wconf 90' lang='lat' dir='ltr'><strong>quasi</strong></span> <span class='ocrx_word' id='word_1_167' title='bbox 674 1526 754 1552; x_wconf 90' lang='lat' dir='ltr'><strong>non</strong></span> <span class='ocrx_word' id='word_1_168' title='bbox 774 1521 874 1552; x_wconf 89' lang='lat' dir='ltr'><strong>esset</strong></span> <span class='ocrx_word' id='word_1_169' title='bbox 893 1513 971 1552; x_wconf 92' lang='lat' dir='ltr'><strong>ullo</strong></span> <span class='ocrx_word' id='word_1_170' title='bbox 990 1514 1111 1553; x_wconf 92' lang='lat' dir='ltr'><strong>modo</strong></span> <span class='ocrx_word' id='word_1_171' title='bbox 1129 1513 1342 1561; x_wconf 89' lang='lat' dir='ltr'><strong>ferendum,</strong></span> <span class='ocrx_word' id='word_1_172' title='bbox 1358 1527 1400 1554; x_wconf 90' lang='lat' dir='ltr'><strong>se</strong></span> <span class='ocrx_word' id='word_1_173' title='bbox 1416 1512 1470 1553; x_wconf 62' lang='lat'><strong>20&#39;</strong></span> 
     </span>
     <span class='ocr_line' id='line_1_23' title="bbox 157 1579 1404 1626; baseline -0.002 -7"><span class='ocrx_word' id='word_1_174' title='bbox 157 1593 205 1619; x_wconf 84' lang='lat' dir='ltr'><strong>ex</strong></span> <span class='ocrx_word' id='word_1_175' title='bbox 225 1580 365 1619; x_wconf 92' lang='lat' dir='ltr'><strong>iudicio</strong></span> <span class='ocrx_word' id='word_1_176' title='bbox 385 1580 605 1618; x_wconf 86' lang='lat' dir='ltr'><strong>discessisse</strong></span> <span class='ocrx_word' id='word_1_177' title='bbox 635 1579 787 1626; x_wconf 88' lang='lat' dir='ltr'><strong>victum,</strong></span> <span class='ocrx_word' id='word_1_178' title='bbox 807 1591 890 1616; x_wconf 90' lang='lat' dir='ltr'><strong>rem</strong></span> <span class='ocrx_word' id='word_1_179' title='bbox 917 1580 967 1617; x_wconf 91' lang='lat' dir='ltr'><strong>ab</strong></span> <span class='ocrx_word' id='word_1_180' title='bbox 987 1579 1175 1618; x_wconf 89' lang='lat' dir='ltr'><strong>subselliis</strong></span> <span class='ocrx_word' id='word_1_181' title='bbox 1202 1579 1242 1617; x_wconf 90' lang='lat' dir='ltr'><strong>in</strong></span> <span class='ocrx_word' id='word_1_182' title='bbox 1262 1579 1404 1618; x_wconf 88' lang='lat' dir='ltr'><strong>Rostra</strong></span> 
     </span>
     <span class='ocr_line' id='line_1_24' title="bbox 156 1644 1404 1695; baseline 0 -11"><span class='ocrx_word' id='word_1_183' title='bbox 156 1646 300 1684; x_wconf 91' lang='lat' dir='ltr'><strong>detulit.</strong></span> <span class='ocrx_word' id='word_1_184' title='bbox 356 1645 406 1683; x_wconf 90' lang='lat' dir='ltr'><strong>Et</strong></span> <span class='ocrx_word' id='word_1_185' title='bbox 438 1646 515 1683; x_wconf 88' lang='lat' dir='ltr'><strong>iam</strong></span> <span class='ocrx_word' id='word_1_186' title='bbox 548 1645 742 1695; x_wconf 91' lang='lat' dir='ltr'><strong>querimur</strong></span> <span class='ocrx_word' id='word_1_187' title='bbox 775 1656 901 1694; x_wconf 87' lang='lat' dir='ltr'><strong>saepe,</strong></span> <span class='ocrx_word' id='word_1_188' title='bbox 932 1644 1150 1682; x_wconf 90' lang='lat' dir='ltr'><strong>hominibus</strong></span> <span class='ocrx_word' id='word_1_189' title='bbox 1182 1645 1291 1683; x_wconf 91' lang='lat' dir='ltr'><strong>novis</strong></span> <span class='ocrx_word' id='word_1_190' title='bbox 1324 1658 1404 1684; x_wconf 93' lang='lat' dir='ltr'><strong>non</strong></span> 
     </span>
     <span class='ocr_line' id='line_1_25' title="bbox 159 1709 1403 1760; baseline -0.001 -11"><span class='ocrx_word' id='word_1_191' title='bbox 159 1711 249 1749; x_wconf 88' lang='lat' dir='ltr'><strong>satis</strong></span> <span class='ocrx_word' id='word_1_192' title='bbox 268 1722 434 1760; x_wconf 86' lang='lat' dir='ltr'><strong>magnos</strong></span> <span class='ocrx_word' id='word_1_193' title='bbox 453 1710 493 1747; x_wconf 92' lang='lat' dir='ltr'><strong>in</strong></span> <span class='ocrx_word' id='word_1_194' title='bbox 511 1709 583 1748; x_wconf 90' lang='lat' dir='ltr'><strong>hac</strong></span> <span class='ocrx_word' id='word_1_195' title='bbox 603 1709 751 1748; x_wconf 87' lang='lat' dir='ltr'><strong>civitate</strong></span> <span class='ocrx_word' id='word_1_196' title='bbox 771 1721 855 1747; x_wconf 88' lang='lat' dir='ltr'><strong>esse</strong></span> <span class='ocrx_word' id='word_1_197' title='bbox 875 1709 1046 1747; x_wconf 83' lang='lat' dir='ltr'><strong>fructus?</strong></span> <span class='ocrx_word' id='word_1_198' title='bbox 1102 1709 1217 1760; x_wconf 87' lang='lat' dir='ltr'><strong>Nego</strong></span> <span class='ocrx_word' id='word_1_199' title='bbox 1239 1723 1403 1760; x_wconf 89' lang='lat' dir='ltr'><strong>usquam</strong></span> 
     </span>
     <span class='ocr_line' id='line_1_26' title="bbox 159 1774 1404 1826; baseline 0 -12"><span class='ocrx_word' id='word_1_200' title='bbox 159 1788 342 1826; x_wconf 86' lang='lat' dir='ltr'><strong>umquam</strong></span> <span class='ocrx_word' id='word_1_201' title='bbox 372 1775 488 1813; x_wconf 87' lang='lat' dir='ltr'><strong>fuisse</strong></span> <span class='ocrx_word' id='word_1_202' title='bbox 516 1775 706 1812; x_wconf 86' lang='lat' dir='ltr'><strong>maiores:</strong></span> <span class='ocrx_word' id='word_1_203' title='bbox 734 1774 812 1820; x_wconf 86' lang='lat' dir='ltr'><strong>ubi,</strong></span> <span class='ocrx_word' id='word_1_204' title='bbox 833 1774 864 1811; x_wconf 88' lang='lat' dir='ltr'><strong>si</strong></span> <span class='ocrx_word' id='word_1_205' title='bbox 883 1774 968 1824; x_wconf 92' lang='lat' dir='ltr'><strong>quis</strong></span> <span class='ocrx_word' id='word_1_206' title='bbox 995 1774 1155 1824; x_wconf 88' lang='lat' dir='ltr'><strong>ignobili</strong></span> <span class='ocrx_word' id='word_1_207' title='bbox 1183 1775 1272 1814; x_wconf 93' lang='lat' dir='ltr'><strong>loco</strong></span> <span class='ocrx_word' id='word_1_208' title='bbox 1292 1783 1404 1815; x_wconf 88' lang='lat' dir='ltr'><strong>natus</strong></span> 
     </span>
     <span class='ocr_line' id='line_1_27' title="bbox 159 1839 1458 1891; baseline 0 -12"><span class='ocrx_word' id='word_1_209' title='bbox 159 1841 212 1879; x_wconf 88' lang='lat' dir='ltr'><strong>ita</strong></span> <span class='ocrx_word' id='word_1_210' title='bbox 229 1842 328 1887; x_wconf 92' lang='lat' dir='ltr'><strong>vivit,</strong></span> <span class='ocrx_word' id='word_1_211' title='bbox 347 1847 388 1878; x_wconf 91' lang='lat' dir='ltr'><strong>ut</strong></span> <span class='ocrx_word' id='word_1_212' title='bbox 415 1839 621 1877; x_wconf 89' lang='lat' dir='ltr'><strong>nobilitatis</strong></span> <span class='ocrx_word' id='word_1_213' title='bbox 641 1839 867 1888; x_wconf 88' lang='lat' dir='ltr'><strong>dignitatem</strong></span> <span class='ocrx_word' id='word_1_214' title='bbox 885 1839 1019 1877; x_wconf 87' lang='lat' dir='ltr'><strong>virtute</strong></span> <span class='ocrx_word' id='word_1_215' title='bbox 1047 1840 1141 1878; x_wconf 90' lang='lat' dir='ltr'><strong>tueri</strong></span> <span class='ocrx_word' id='word_1_216' title='bbox 1165 1852 1282 1891; x_wconf 88' lang='lat' dir='ltr'><strong>posse</strong></span> <span class='ocrx_word' id='word_1_217' title='bbox 1301 1841 1403 1879; x_wconf 88' lang='lat' dir='ltr'><strong>vide-</strong></span> <span class='ocrx_word' id='word_1_218' title='bbox 1420 1857 1458 1889; x_wconf 88' lang='lat'><strong>25</strong></span> 
     </span>
     <span class='ocr_line' id='line_1_28' title="bbox 159 1903 1404 1955; baseline 0 -11"><span class='ocrx_word' id='word_1_219' title='bbox 159 1913 253 1952; x_wconf 85' lang='lat' dir='ltr'><strong>atur,</strong></span> <span class='ocrx_word' id='word_1_220' title='bbox 272 1917 394 1955; x_wconf 88' lang='lat' dir='ltr'><strong>usque</strong></span> <span class='ocrx_word' id='word_1_221' title='bbox 423 1916 471 1943; x_wconf 91' lang='lat' dir='ltr'><strong>eo</strong></span> <span class='ocrx_word' id='word_1_222' title='bbox 499 1904 681 1954; x_wconf 85' lang='lat' dir='ltr'><strong>pervenit,</strong></span> <span class='ocrx_word' id='word_1_223' title='bbox 701 1903 830 1953; x_wconf 85' lang='lat' dir='ltr'><strong>quoad</strong></span> <span class='ocrx_word' id='word_1_224' title='bbox 849 1916 938 1942; x_wconf 86' lang='lat' dir='ltr'><strong>curn</strong></span> <span class='ocrx_word' id='word_1_225' title='bbox 965 1904 1149 1943; x_wconf 87' lang='lat' dir='ltr'><strong>industria</strong></span> <span class='ocrx_word' id='word_1_226' title='bbox 1177 1918 1266 1943; x_wconf 91' lang='lat' dir='ltr'><strong>eum</strong></span> <span class='ocrx_word' id='word_1_227' title='bbox 1294 1906 1404 1944; x_wconf 89' lang='lat' dir='ltr'><strong>inno-</strong></span> 
     </span>
     <span class='ocr_line' id='line_1_29' title="bbox 161 1968 1403 2022; baseline 0 -13"><span class='ocrx_word' id='word_1_228' title='bbox 161 1971 286 2009; x_wconf 89' lang='lat' dir='ltr'><strong>centia</strong></span> <span class='ocrx_word' id='word_1_229' title='bbox 303 1976 508 2022; x_wconf 90' lang='lat' dir='ltr'><strong>prosecuta</strong></span> <span class='ocrx_word' id='word_1_230' title='bbox 526 1976 594 2008; x_wconf 89' lang='lat' dir='ltr'><strong>est.</strong></span> <span class='ocrx_word' id='word_1_231' title='bbox 656 1981 742 2006; x_wconf 91' lang='lat'>112.</span> <span class='ocrx_word' id='word_1_232' title='bbox 763 1968 802 2006; x_wconf 92' lang='lat' dir='ltr'><strong>Si</strong></span> <span class='ocrx_word' id='word_1_233' title='bbox 821 1969 906 2019; x_wconf 89' lang='lat' dir='ltr'><strong>quis</strong></span> <span class='ocrx_word' id='word_1_234' title='bbox 924 1976 1052 2008; x_wconf 88' lang='lat' dir='ltr'><strong>autem</strong></span> <span class='ocrx_word' id='word_1_235' title='bbox 1071 1969 1146 2008; x_wconf 93' lang='lat' dir='ltr'><strong>hoc</strong></span> <span class='ocrx_word' id='word_1_236' title='bbox 1165 1982 1245 2009; x_wconf 89' lang='lat' dir='ltr'><strong>uno</strong></span> <span class='ocrx_word' id='word_1_237' title='bbox 1264 1972 1403 2018; x_wconf 90' lang='lat' dir='ltr'><strong>nititur,</strong></span> 
     </span>
     <span class='ocr_line' id='line_1_30' title="bbox 161 2033 1406 2085; baseline 0.002 -13"><span class='ocrx_word' id='word_1_238' title='bbox 161 2035 267 2085; x_wconf 92' lang='lat' dir='ltr'><strong>quod</strong></span> <span class='ocrx_word' id='word_1_239' title='bbox 286 2036 334 2074; x_wconf 89' lang='lat' dir='ltr'><strong>sit</strong></span> <span class='ocrx_word' id='word_1_240' title='bbox 361 2034 551 2084; x_wconf 89' lang='lat' dir='ltr'><strong>ignobilis,</strong></span> <span class='ocrx_word' id='word_1_241' title='bbox 571 2033 745 2084; x_wconf 90' lang='lat' dir='ltr'><strong>procedit</strong></span> <span class='ocrx_word' id='word_1_242' title='bbox 771 2045 885 2084; x_wconf 88' lang='lat' dir='ltr'><strong>saepe</strong></span> <span class='ocrx_word' id='word_1_243' title='bbox 913 2034 1076 2084; x_wconf 90' lang='lat' dir='ltr'><strong>longius,</strong></span> <span class='ocrx_word' id='word_1_244' title='bbox 1096 2047 1214 2085; x_wconf 90' lang='lat' dir='ltr'><strong>quam</strong></span> <span class='ocrx_word' id='word_1_245' title='bbox 1243 2036 1274 2074; x_wconf 90' lang='lat' dir='ltr'><strong>si</strong></span> <span class='ocrx_word' id='word_1_246' title='bbox 1303 2037 1406 2074; x_wconf 91' lang='lat' dir='ltr'><strong>idem</strong></span> 
     </span>
     <span class='ocr_line' id='line_1_31' title="bbox 163 2099 1405 2149; baseline 0.001 -10"><span class='ocrx_word' id='word_1_247' title='bbox 163 2100 223 2139; x_wconf 89' lang='lat' dir='ltr'><strong>ille</strong></span> <span class='ocrx_word' id='word_1_248' title='bbox 242 2107 342 2139; x_wconf 88' lang='lat' dir='ltr'><strong>esset</strong></span> <span class='ocrx_word' id='word_1_249' title='bbox 363 2113 451 2139; x_wconf 89' lang='lat' dir='ltr'><strong>cum</strong></span> <span class='ocrx_word' id='word_1_250' title='bbox 471 2100 608 2138; x_wconf 87' lang='lat' dir='ltr'><strong>iisdem</strong></span> <span class='ocrx_word' id='word_1_251' title='bbox 629 2100 706 2138; x_wconf 92' lang='lat' dir='ltr'><strong>suis</strong></span> <span class='ocrx_word' id='word_1_252' title='bbox 721 2099 818 2137; x_wconf 88' lang='lat' dir='ltr'><strong>vitiis</strong></span> <span class='ocrx_word' id='word_1_253' title='bbox 836 2100 1104 2140; x_wconf 89' lang='lat' dir='ltr'><strong>nobilissimus.</strong></span> <span class='ocrx_word' id='word_1_254' title='bbox 1154 2101 1208 2139; x_wconf 91' lang='lat' dir='ltr'><strong>Ut</strong></span> <span class='ocrx_word' id='word_1_255' title='bbox 1224 2102 1405 2149; x_wconf 87' lang='lat' dir='ltr'><strong>Quintius</strong></span> 
     </span>
     <span class='ocr_line' id='line_1_32' title="bbox 165 2163 1463 2215; baseline 0.002 -13"><span class='ocrx_word' id='word_1_256' title='bbox 165 2164 275 2212; x_wconf 88' lang='lat' dir='ltr'><strong>(nihil</strong></span> <span class='ocrx_word' id='word_1_257' title='bbox 293 2166 396 2203; x_wconf 89' lang='lat' dir='ltr'><strong>enim</strong></span> <span class='ocrx_word' id='word_1_258' title='bbox 415 2166 542 2203; x_wconf 87' lang='lat' dir='ltr'><strong>dicam</strong></span> <span class='ocrx_word' id='word_1_259' title='bbox 562 2165 610 2202; x_wconf 93' lang='lat' dir='ltr'><strong>de</strong></span> <span class='ocrx_word' id='word_1_260' title='bbox 630 2163 780 2214; x_wconf 89' lang='lat' dir='ltr'><strong>ceteris)</strong></span> <span class='ocrx_word' id='word_1_261' title='bbox 801 2164 832 2202; x_wconf 88' lang='lat' dir='ltr'><strong>si</strong></span> <span class='ocrx_word' id='word_1_262' title='bbox 861 2164 993 2204; x_wconf 85' lang='lat' dir='ltr'><strong>suisset</strong></span> <span class='ocrx_word' id='word_1_263' title='bbox 1011 2166 1131 2204; x_wconf 90' lang='lat' dir='ltr'><strong>homo</strong></span> <span class='ocrx_word' id='word_1_264' title='bbox 1150 2167 1299 2213; x_wconf 91' lang='lat' dir='ltr'><strong>nobilis,</strong></span> <span class='ocrx_word' id='word_1_265' title='bbox 1321 2167 1406 2215; x_wconf 92' lang='lat' dir='ltr'><strong>quis</strong></span> <span class='ocrx_word' id='word_1_266' title='bbox 1422 2182 1463 2214; x_wconf 81' lang='lat'><strong>30</strong></span> 
     </span>
     <span class='ocr_line' id='line_1_33' title="bbox 166 2229 1405 2281; baseline 0.001 -14"><span class='ocrx_word' id='word_1_267' title='bbox 166 2241 253 2267; x_wconf 90' lang='lat' dir='ltr'><strong>eum</strong></span> <span class='ocrx_word' id='word_1_268' title='bbox 273 2242 361 2268; x_wconf 91' lang='lat' dir='ltr'><strong>cum</strong></span> <span class='ocrx_word' id='word_1_269' title='bbox 382 2229 443 2267; x_wconf 91' lang='lat' dir='ltr'><strong>illa</strong></span> <span class='ocrx_word' id='word_1_270' title='bbox 471 2230 649 2279; x_wconf 88' lang='lat' dir='ltr'><strong>superbia</strong></span> <span class='ocrx_word' id='word_1_271' title='bbox 668 2235 782 2278; x_wconf 87' lang='lat' dir='ltr'><strong>atque</strong></span> <span class='ocrx_word' id='word_1_272' title='bbox 802 2229 1040 2268; x_wconf 89' lang='lat' dir='ltr'><strong>intolerantia</strong></span> <span class='ocrx_word' id='word_1_273' title='bbox 1069 2230 1164 2269; x_wconf 88' lang='lat' dir='ltr'><strong>ferre</strong></span> <span class='ocrx_word' id='word_1_274' title='bbox 1193 2231 1405 2281; x_wconf 88' lang='lat' dir='ltr'><strong>potuisset?</strong></span> 
     </span>
    </p>
   </div>
   <div class='ocr_carea' id='block_1_4' title="bbox 44 2274 1409 2363">
    <p class='ocr_par' dir='ltr' id='par_1_9' title="bbox 44 2274 1409 2363">
     <span class='ocr_line' id='line_1_34' title="bbox 44 2274 1409 2363; baseline -0.003 0"><span class='ocrx_word' id='word_1_275' title='bbox 44 2274 76 2363; x_wconf 20' lang='grc' dir='ltr'><strong>..ᾗ</strong></span> <span class='ocrx_word' id='word_1_276' title='bbox 112 2308 115 2312; x_wconf 72' lang='grc'><strong>’</strong></span> <span class='ocrx_word' id='word_1_277' title='bbox 165 2292 284 2340; x_wconf 88' lang='lat' dir='ltr'><strong>Quod</strong></span> <span class='ocrx_word' id='word_1_278' title='bbox 317 2305 366 2332; x_wconf 91' lang='lat' dir='ltr'><strong>eo</strong></span> <span class='ocrx_word' id='word_1_279' title='bbox 398 2294 485 2332; x_wconf 88' lang='lat' dir='ltr'><strong>loco</strong></span> <span class='ocrx_word' id='word_1_280' title='bbox 517 2293 595 2341; x_wconf 87' lang='lat' dir='ltr'><strong>fuit,</strong></span> <span class='ocrx_word' id='word_1_281' title='bbox 624 2295 676 2332; x_wconf 91' lang='lat' dir='ltr'><strong>ita</strong></span> <span class='ocrx_word' id='word_1_282' title='bbox 712 2293 887 2340; x_wconf 87' lang='lat' dir='ltr'><strong>tulerunt,</strong></span> <span class='ocrx_word' id='word_1_283' title='bbox 917 2300 970 2342; x_wconf 89' lang='lat' dir='ltr'><strong>ut,</strong></span> <span class='ocrx_word' id='word_1_284' title='bbox 1004 2296 1035 2334; x_wconf 90' lang='lat' dir='ltr'><strong>si</strong></span> <span class='ocrx_word' id='word_1_285' title='bbox 1068 2295 1160 2345; x_wconf 62' lang='lat' dir='ltr'><strong>qnid</strong></span> <span class='ocrx_word' id='word_1_286' title='bbox 1192 2296 1348 2335; x_wconf 85' lang='lat' dir='ltr'><strong>haberet</strong></span> <span class='ocrx_word' id='word_1_287' title='bbox 1367 2297 1369 2299; x_wconf 17' lang='grc' dir='ltr'><strong><em>ι</em></strong></span> <span class='ocrx_word' id='word_1_288' title='bbox 1385 2308 1409 2334; x_wconf 70' lang='lat' dir='ltr'>a</span> 
     </span>
    </p>
   </div>
   <div class='ocr_carea' id='block_1_5' title="bbox 0 0 118 2554">
    <p class='ocr_par' dir='ltr' id='par_1_10' title="bbox 0 0 118 2554">
     <span class='ocr_line' id='line_1_35' title="bbox 0 0 118 2554; baseline 0 0"><span class='ocrx_word' id='word_1_289' title='bbox 0 0 118 2554; x_wconf 95' lang='lat' dir='ltr'><strong> </strong></span> 
     </span>
    </p>
   </div>
  </div>
 </body>
</html>
