1650 2554
284 151 338 196 70
582 160 601 187 .'
656 153 707 187 M.
734 153 902 189 TULLII,
925 154 1174 186 CICERONIS
1353 163 1408 189 σο.
1429 157 1547 189 o—n.

301 265 422 310 quum
450 272 530 299 uno
559 266 733 310 tempore
766 259 945 306 audisset,
966 259 1039 298 sibi
1068 272 1150 298 non
1180 259 1306 298 solum
1335 259 1455 298 filium
1484 260 1555 299 sed

292 327 407 365 etiam
438 327 708 376 exsequiarum
739 337 881 363 munus
915 331 1101 375 ereptum,
1131 325 1315 363 Larinum
1347 325 1554 364 confestim

291 392 510 429 exanimata
547 391 660 437 venit,
690 396 728 428 et
765 391 818 428 ibi
857 390 905 428 de
942 391 1094 439 integro
1133 389 1248 428 funus
1285 390 1363 428 iam
1401 390 1553 441 sepulto

292 457 369 494 filio
410 457 509 494 fecit.
565 456 660 494 Dies
699 456 877 493 nondum
916 455 1056 493 decem
1094 455 1397 501 intercesserant,
1433 467 1554 505 quum

257 538 274 569 5
293 522 353 560 ille
383 522 478 560 alter
508 521 606 559 filius
637 521 765 558 infans
796 526 966 558 necatur.
1024 519 1160 569 Itaque
1194 520 1304 558 nubit
1332 519 1553 570 Oppianico

291 589 479 626 continuo
509 587 649 632 Sassia,
670 586 827 624 laetanti
855 586 932 623 iam
961 586 1091 624 animo
1122 591 1160 623 et
1190 597 1259 635 spe
1286 586 1433 635 optima
1459 598 1553 624 con-

291 653 454 691 firmato.
511 651 595 689 Nec
631 651 784 697 mirum,
819 663 918 700 quae
958 663 999 689 se
1037 663 1118 688 non
1156 650 1389 699 nuptialibus
1427 650 1552 696 donis,

292 718 361 756 sed
398 718 564 755 filiorum
611 716 808 754 funeribus
847 716 1052 754 delenitam
1098 715 1252 753 videret.
1337 715 1399 753 Ita
1446 715 1554 766 quod

292 784 407 821 ceteri
445 789 603 832 propter
633 781 775 819 liberos
813 782 1002 831 pecuniae
1036 781 1256 832 cupidiores
1293 780 1419 819 solent
1456 793 1552 828 esse,

237 864 276 887 10
292 849 352 887 ille
391 855 550 899 propter
587 847 794 897 pecuniam
833 847 973 885 liberos
1013 847 1186 885 amittere
1225 846 1429 884 iucundius
1466 858 1552 886 esse

291 914 408 952 duxit.

344 983 410 1018 10.
444 991 504 1028 29.
538 977 683 1024 Sentio,
725 978 881 1025 iudices,
921 990 992 1017 vos
1029 990 1101 1028 pro
1139 983 1265 1016 vestra
1303 977 1551 1025 humanitate,

290 1044 349 1083 his
382 1046 496 1083 tantis
535 1044 743 1081 sceleribus
777 1044 940 1081 breviter
973 1056 996 1081 a
1032 1056 1096 1082 me
1134 1043 1414 1090 demonstratis,
1440 1043 1552 1081 vehe-

293 1118 444 1149 menter
468 1122 553 1148 esse
571 1114 803 1146 commotos.
860 1108 952 1156 Quo
972 1108 1129 1146 tandem
1149 1109 1262 1158 igitur
1281 1108 1412 1145 animo
1434 1107 1552 1146 fuisse

237 1194 274 1226 15
292 1177 378 1216 illos
408 1175 656 1220 arbitramini,
681 1173 820 1223 quibus
848 1173 908 1211 his
927 1174 975 1212 de
1004 1175 1118 1212 rebus
1146 1185 1228 1211 non
1246 1172 1367 1210 modo
1395 1172 1552 1210 audien-

291 1242 385 1280 dum
415 1241 495 1287 fuit,
515 1252 647 1278 verum
674 1239 790 1276 etiam
819 1238 1096 1277 iudicandum?
1151 1238 1236 1276 Vos
1265 1238 1402 1276 auditis
1423 1238 1471 1276 de
1490 1250 1550 1284 eo,

291 1309 332 1346 in
352 1319 469 1358 quem
498 1306 643 1344 iudices
672 1316 754 1342 non
782 1305 894 1342 estis:
925 1304 972 1342 de
1002 1316 1060 1351 eo,
1082 1317 1199 1354 quem
1218 1316 1300 1342 non
1319 1304 1473 1351 videtis;
1503 1304 1553 1342 de

290 1385 350 1420 eo,
371 1384 487 1422 quern
508 1371 637 1409 odisse
663 1370 740 1407 iam
765 1382 848 1408 non
867 1371 1051 1419 potestis:
1082 1370 1130 1407 de
1156 1382 1215 1416 eo,
1236 1369 1300 1419 qui
1328 1375 1365 1407 et
1393 1375 1552 1408 naturae

292 1445 330 1476 et
368 1438 518 1487 legibus
553 1435 756 1474 satisfecit:
795 1447 912 1484 quem
950 1435 1055 1484 leges
1090 1435 1234 1483 exsilio,
1264 1441 1398 1473 natura
1427 1442 1552 1473 morte

237 1521 277 1543 20
293 1503 475 1541 multavit.
531 1501 683 1539 Auditis
711 1513 792 1538 non
813 1501 861 1538 ab
880 1501 1060 1539 inimico:
1091 1501 1338 1539 auditis.sine
1367 1501 1551 1539 testibus:

293 1568 444 1614 auditis,
469 1579 590 1616 quum
610 1579 668 1612 ea,
688 1578 787 1615 quae
816 1566 1081 1615 copiosissime
1102 1567 1176 1604 dici
1198 1572 1372 1616 possunt,
1392 1567 1553 1604 breviter

291 1647 316 1672 a
334 1645 397 1670 me
428 1631 665 1679 strictimque
686 1630 874 1668 dicuntur.
932 1631 990 1668 Illi
1020 1631 1226 1668 audiebant
1246 1630 1294 1669 de
1323 1643 1383 1678 eo,
1403 1630 1452 1669 de
1471 1642 1551 1681 quo

293 1698 404 1737 iurati
434 1695 643 1734 sententias
673 1694 768 1732 ferre
798 1695 1011 1733 debebant:
1042 1696 1090 1734 de
1118 1707 1178 1741 eo,
1205 1696 1313 1733 cuius
1341 1696 1553 1745 praesentis

295 1763 486 1802 nefarium
515 1768 553 1799 et
589 1760 893 1799 consceleratum
922 1761 1068 1799 vultum
1098 1761 1366 1798 intuebantur:
1405 1760 1453 1799 de
1490 1773 1552 1807 eo,

240 1847 279 1878 25
299 1841 416 1879 quem
454 1826 618 1865 oderant
655 1833 813 1876 propter
851 1826 1075 1865 audaciam:
1115 1827 1162 1864 de
1200 1838 1258 1872 e0,
1291 1838 1408 1876 quem
1445 1827 1553 1864 omni

299 1893 488 1944 supplicio
511 1891 673 1940 dignum
699 1904 784 1930 esse
811 1891 1014 1930 ducebant.
1071 1891 1292 1930 Audiebant
1321 1892 1370 1929 ab
1398 1903 1553 1930 accusa-

298 1959 467 1997 toribus:
507 1956 715 1994 audiebant
742 1957 857 1994 verba
884 1956 1093 1995 multorum
1121 1957 1299 1994 testium:
1336 1957 1552 2004 audiebant,

301 2036 422 2074 quum
451 2033 684 2071 unaquaque
714 2021 762 2059 de
791 2034 832 2059 re
860 2033 884 2059 a
911 2021 952 2059 P.
974 2021 1152 2068 Canutio,
1180 2021 1336 2059 homine
1369 2021 1553 2071 eloquen-

303 2089 463 2133 tissimo,
484 2086 647 2136 graviter
675 2091 713 2123 et
741 2086 806 2124 diu
827 2086 1024 2125 diceretur.
1082 2098 1143 2135 30.
1173 2085 1224 2124 Et
1251 2091 1309 2124 est
1337 2086 1553 2135 quisquam,

242 2172 284 2203 30
301 2155 378 2205 qui,
418 2163 539 2202 quum
576 2150 671 2188 haec
709 2151 944 2200 cognoverit,
978 2150 1163 2200 suspicari
1199 2150 1333 2200 possit,
1365 2149 1553 2200 Oppiani-

301 2231 389 2258 cum
433 2216 574 2255 iudicio
616 2228 849 2265 oppressum
891 2222 930 2253 et
971 2215 1274 2254 circumventum
1316 2227 1401 2253 esse
1441 2214 1553 2253 inno-

299 2284 477 2325 centem?
532 2281 751 2321 Acervatim
783 2281 860 2319 iam
890 2280 1045 2332 reliqua,
1075 2281 1233 2327 iudices,
1263 2280 1401 2327 dicam,
1429 2286 1471 2319 ut
1501 2280 1554 2320 ad

1644 799 1650 831 «Α.
1643 534 1650 785 -μ-..Μ-..μῌμ-,φῌ
1644 496 1650 516 m.
1642 332 1650 487 ...smum-..m
