1650 2554
298 187 351 230 68
660 198 711 231 M.
749 197 909 230 TULLII
938 198 1189 230 CICERONIS
1230 206 1232 208 ·
1260 211 1262 213 >
1392 209 1446 233 σο.
1469 202 1507 240 ε,
1528 201 1566 233 θι

308 303 563 351 Gallicanum,
602 304 828 343 familiarem
866 311 990 352 suum,
1028 306 1197 355 primum
1242 304 1350 343 illum
1397 305 1566 344 indicem

306 370 471 419 pecunia
518 372 697 421 corrupit,
737 370 877 409 deinde
923 371 1052 420 ipsum
1090 371 1264 417 Aurium,
1303 383 1384 409 non
1422 382 1567 420 magna

305 436 450 473 iactura
487 435 598 482 facta,
630 437 844 474 tollendum
875 436 1259 486 interficiendumque
1293 436 1444 474 curavit.
1503 435 1569 474 Illi

307 507 446 546 autem,
479 501 543 551 qui
578 507 685 539 erant
718 501 768 538 ad
798 501 1060 551 propinquum
1094 501 1403 550 investigandum
1436 507 1474 538 et
1506 513 1564 540 re-

272 582 289 613 5
307 566 571 615 cuperandum
610 566 781 616 profecti,
812 566 938 604 literas
976 566 1161 604 Larinum
1199 566 1248 604 ad
1285 566 1439 612 Aurios,
1469 566 1566 605 illius

306 631 561 669 adolescentis
591 643 759 681 suosque
790 631 1040 678 necessarios,
1066 633 1241 679 mittunt;
1273 632 1344 670 sibi
1373 631 1564 669 difficilem

308 707 392 733 esse
430 696 687 746 investigandi
726 696 927 741 rationem,
962 696 1069 746 quod
1106 697 1359 746 intelligerent
1396 696 1564 734 indicem

307 761 357 798 ab
386 761 606 811 Oppianico
637 774 721 800 esse
751 768 985 811 corruptum.
1043 761 1152 808 Quas
1182 761 1307 800 literas
1336 762 1384 800 A.
1408 761 1566 806 Aurius„

306 827 362 864 vir
392 826 500 864 fortis
539 832 575 864 et
613 827 826 876 experiens,
860 834 896 864 et
930 827 1036 866 domi
1068 827 1219 873 nobilis,
1250 827 1306 865 M.
1328 826 1425 864 illius
1455 826 1562 864 Aurii

254 908 292 930 10
308 893 559 942 propinquus,
598 893 638 930 in
675 892 771 939 foro,
810 892 949 942 palam,
988 893 1116 931 multis
1154 893 1407 938 audientibus,
1444 903 1562 942 quum

260 1001 264 1006 ἱ
307 957 459 996 adesset
489 957 742 1008 Oppianicus,
763 958 906 1002 recitat,
928 964 964 995 et
993 958 1203 996 clarissima
1221 970 1328 1004 voce,
1350 969 1391 995 se
1420 968 1564 994 nornen

309 1021 527 1072 Oppianici,
550 1023 581 1060 si
610 1022 852 1060 interfectum
873 1022 928 1059 M.
951 1023 1113 1060 Aurium
1135 1023 1397 1072 comperisset,
1419 1021 1563 1060 delatu-

312 1100 397 1125 rum
431 1100 516 1126 esse
555 1094 723 1126 testatur.
784 1100 844 1134 24.
875 1087 1033 1126 Interim
1063 1089 1166 1126 brevi
1197 1094 1373 1137 tempore
1403 1087 1466 1132 illi,
1498 1087 1564 1136 qui

309 1160 417 1191 erant
445 1154 484 1191 in
514 1165 649 1202 agrurn
678 1153 870 1191 Gallicum
898 1153 1072 1203 profecti,
1092 1154 1275 1191 Larinum
1304 1158 1563 1191 revertuntur:

259 1234 294 1266 15
313 1218 554 1256 interfectum
590 1231 675 1256 esse
713 1218 769 1256 M.
799 1218 961 1256 Aurium
999 1220 1229 1257 renuntiant.
1305 1217 1436 1256 Animi
1481 1229 1564 1255 non

310 1284 435 1322 solum
473 1284 792 1334 propinquorum,
832 1284 900 1322 sed
947 1284 1061 1322 etiam
1107 1285 1282 1322 omnium
1329 1283 1564 1321 Larinatium

309 1350 401 1388 odio
433 1349 649 1399 Oppianici,
676 1356 712 1388 et
746 1350 844 1387 illius
878 1349 1133 1387 adolescentis
1165 1348 1437 1394 misericordia,
1458 1359 1564 1386 com-

307 1422 521 1453 moventur.
578 1415 712 1464 Itaque
733 1426 853 1464 quum
881 1414 926 1452 A.
949 1414 1102 1461 Aurius,
1122 1415 1154 1453 is
1181 1415 1246 1464 qui
1276 1420 1389 1452 antea
1417 1412 1564 1451 denun-

306 1481 427 1526 tiarat,
466 1480 634 1518 clamore
681 1479 881 1518 hominem
927 1493 972 1518 ac
1010 1480 1125 1518 minis
1173 1480 1322 1529 insequi
1361 1478 1564 1528 coepisset,

253 1561 292 1582 20
308 1544 449 1582 Larino
478 1544 659 1594 profugit,
681 1551 717 1583 et
747 1557 788 1583 se
816 1545 855 1582 in
875 1550 998 1583 castra
1018 1545 1216 1583 clarissimi
1235 1544 1314 1591 viri,
1335 1543 1385 1591 Q.
1406 1542 1563 1589 Metelli,

308 1610 477 1648 contulit.
540 1619 602 1657 25.
633 1610 727 1648 Post
771 1609 875 1647 illam
914 1616 1042 1648 autem
1080 1610 1225 1660 fugam,
1264 1616 1302 1648 et
1339 1609 1490 1647 sceleris
1528 1614 1566 1648 et

307 1675 566 1712 conscientiae
614 1681 762 1719 testem,
803 1687 1016 1724 numquam
1063 1687 1105 1713 se
1151 1674 1310 1721 iudiciis,
1349 1684 1565 1723 numquam

306 1738 465 1788 legibus,
495 1752 710 1789 numquam
742 1740 930 1777 inermem
967 1740 1131 1778 inimicis
1170 1739 1411 1778 committere
1449 1750 1564 1777 ausus

307 1812 385 1843 est:
418 1805 486 1843 sed
516 1817 585 1854 per
615 1805 717 1843 illam
747 1804 791 1843 L.
813 1804 939 1843 Sullae
972 1805 1049 1842 vim
1083 1811 1198 1854 atque
1227 1804 1436 1850 victoriam,
1458 1802 1566 1841 Lari-

252 1886 289 1917 25
308 1882 401 1907 num
430 1871 469 1907 in
494 1882 648 1908 summo
677 1870 814 1908 timore
842 1870 1017 1907 omnium
1047 1881 1136 1908 curn
1165 1870 1322 1907 armatis
1351 1867 1563 1907 advolavit:

306 1935 584 1984 quatuorviros‚
623 1947 723 1984 quos
760 1935 974 1984 municipes
1013 1934 1193 1981 fecerant,
1233 1933 1407 1973 sustulit:
1456 1945 1497 1972 se
1541 1945 1565 1972 a

309 1999 412 2038 Sulla
448 2006 486 2037 et
524 2000 619 2038 alios
653 2006 848 2049 praeterea
886 2005 962 2037 tres
1000 1999 1122 2037 factos
1160 2011 1246 2037 esse
1284 1998 1400 2036 dixit:
1440 2004 1478 2036 et
1514 1998 1564 2036 ab

308 2065 447 2104 eodem
479 2065 551 2103 sibi
584 2077 669 2103 esse
701 2066 941 2114 imperatum,
975 2071 1017 2102 ut
1049 2065 1212 2102 Aurium
1246 2064 1364 2110 illum,
1396 2063 1461 2114 qui
1492 2063 1564 2114 sibi

308 2131 541 2170 delationem
575 2131 754 2177 nominis,
786 2137 823 2168 et
862 2130 996 2180 capitis
1028 2129 1240 2180 periculum
1271 2134 1494 2174 ostentarat,
1525 2134 1564 2166 et

250 2212 294 2243 30
309 2196 467 2233 alterum
495 2194 669 2241 Aurium,
699 2202 736 2233 et
764 2196 845 2233 eius
875 2195 918 2233 C.
951 2195 1081 2240 filium,
1112 2200 1149 2231 et
1179 2193 1266 2231 Sex.
1288 2192 1458 2239 Vibium,
1483 2204 1563 2243 quo

310 2267 503 2312 sequestre
534 2260 573 2297 in
592 2260 655 2298 illo
683 2260 807 2298 indice
827 2258 1112 2309 corrumpendo
1134 2258 1330 2296 dicebatur
1349 2269 1434 2295 esse
1454 2269 1559 2305 usus,
1594 2295 1608 2301 ψ

307 2325 606 2378 proscribendos
653 2325 1014 2376 interficiendosque
1061 2329 1220 2362 curaret.
1294 2323 1443 2376 Itaque,
1491 2322 1562 2363 illis
