1650 2554
831 0 1045 7 ----—-----«-v-
1085 0 1090 3 -

0 0 79 64 'a‘
102 22 108 26 ‘
131 29 134 33 ⁴

149 197 186 233 §5
213 192 390 224 122—126.
461 191 636 224 ORATIO
664 192 758 224 PRO
787 191 833 223 A.
857 191 1101 224 CLUENTIO.
1316 197 1388 225 ΙΙ]

147 296 238 335 licas
266 297 462 347 municipii
490 309 608 335 manu
636 310 705 336 sua
743 298 957 347 corrupisse
993 297 1180 337 iudicatus
1219 298 1288 336 sit:
1327 299 1392 348 qui

146 368 417 400 testamentum
445 362 692 401 interleverit:
723 363 798 412 qui,
819 363 1018 413 supposita
1046 374 1222 412 persona,
1253 362 1391 400 falsum

145 432 417 465 testamentum
436 428 720 478 obsignandum
739 429 891 467 curarit:
912 428 977 479 qui
997 440 1097 475 eum,
1113 428 1219 466 cuius
1234 429 1390 466 nomine

146 491 187 529 id
219 492 466 542 obsignatum
498 499 556 531 est
588 493 837 532 interfecerit:
876 494 940 543 qui
973 493 1200 531 avunculum
1233 493 1297 530 filii
1335 494 1392 531 sui

145 556 185 594 in
204 557 380 595 servitute
409 571 454 596 ac
474 558 633 596 vinculis
661 559 823 597 necarit:
853 559 919 608 qui
938 558 1149 608 municipes
1178 569 1268 596 suos
1287 570 1394 607 pros·
1411 573 1429 606 5

146 621 350 660 cribendos
369 622 679 674 occidendosque
708 623 863 661 curarit:
893 624 958 673 qui
986 623 1066 661 eius
1086 634 1257 670 uxorem,
1278 634 1394 673 quem

146 687 347 733 occiderat,
362 688 402 724 in
414 688 699 726 matrimonium
715 688 878 726 duxerit:
899 688 963 738 qui
978 688 1182 738 pecuniam
1195 698 1266 737 pro
1281 688 1393 725 abor-

146 751 250 789 tione
279 751 448 789 dederit:
478 752 542 802 qui
572 764 736 799 socrum,
757 753 821 803 qui
849 764 998 798 uxores,
1018 753 1083 802 qui
1110 763 1190 790 uno
1218 758 1392 802 tempore

147 815 268 855 fratris
287 829 460 863 uxorem,
481 823 728 868 speratosque
756 818 894 856 liberos
913 817 1143 867 fratremque
1168 817 1308 867 ipsum,
1328 817 1393 867 qui

147 881 313 931 denique
347 894 438 920 suos
475 882 615 920 liberos
652 882 902 923 interfecerit:
942 883 1017 932 qui,
1046 894 1166 932 quum
1201 894 1392 920 venenum
1411 898 1450 919 10

145 948 322 997 privigno
352 960 422 986 suo
441 954 648 997 quaereret,
669 948 873 987 manifesto
902 948 947 986 sit
975 948 1257 998 deprehensus:
1287 948 1394 987 cuius

146 1012 326 1050 ministris
356 1013 595 1063 consciisque
615 1014 814 1060 damnatis,
834 1014 916 1063 ipse
937 1012 1122 1051 adductus
1148 1013 1190 1051 in
1211 1012 1394 1051 iudicium

146 1078 351 1127 pecuniam
380 1077 493 1115 iudici
514 1078 659 1116 dederit
687 1079 737 1116 ad
765 1078 971 1117 sententias
999 1078 1168 1116 iudicum
1197 1091 1392 1130 corrump-

148 1142 293 1181 endas:
332 1143 424 1180 dum
461 1143 569 1190 haec,
604 1144 772 1193 inquam,
808 1144 855 1182 de
894 1143 1112 1194 Oppianico
1150 1145 1391 1192 constabunt,

146 1221 218 1246 nec
245 1208 323 1246 ullo
354 1216 583 1258 argumento
615 1209 864 1248 Cluentianae
892 1210 1079 1260 pecuniae
1111 1211 1255 1248 crimen
1287 1217 1392 1249 tene·
1411 1227 1447 1259 15

146 1274 267 1312 bitur:
297 1274 390 1323 quid
416 1281 484 1320 est,
510 1274 615 1324 quod
643 1282 680 1313 te
710 1276 780 1313 ista
808 1275 981 1314 censoria
1009 1275 1085 1314 sive
1113 1275 1288 1314 voluntas
1317 1277 1394 1315 sive

148 1339 281 1388 opinio
318 1338 397 1384 suit,
433 1339 623 1386 adiuvare,
652 1346 717 1377 aut
753 1339 855 1377 hunc
892 1339 1138 1378 innocentem
1176 1341 1393 1390 opprimere

149 1415 265 1453 posse
285 1403 481 1441 videatur?

201 1473 273 1507 45.
307 1470 393 1507 126.
424 1469 528 1516 Quid
556 1470 668 1520 igitur
696 1482 875 1508 censores
904 1471 1022 1508 secuti
1056 1471 1169 1508 sunt?
1224 1470 1286 1509 Ne
1323 1472 1395 1521 ipsi

149 1534 316 1584 quidem,
354 1541 396 1571 ut
432 1535 654 1583 gravissime
692 1535 830 1580 dicam,
869 1535 1075 1584 quicquam
1119 1535 1222 1574 aliud
1259 1535 1395 1583 dicent,
1412 1552 1452 1575 20

150 1606 300 1648 praeter
319 1610 538 1636 sermonem
559 1606 673 1649 atque
702 1599 855 1637 famam.
911 1599 1015 1637 Nihil
1044 1612 1085 1638 se
1113 1600 1284 1647 testibus,
1305 1601 1396 1639 nihil

149 1664 298 1710 tabulis,
331 1663 422 1701 nihil
458 1665 563 1714 gravi
601 1665 729 1715 aliquo
766 1672 992 1715 argumento
1030 1667 1274 1716 comperisse,
1303 1666 1395 1705 nihil

151 1730 329 1778 denique,
361 1741 477 1767 causa
514 1730 679 1779 cognita,
710 1731 884 1768 statuisse
923 1731 1062 1769 dicent.
1120 1730 1239 1778 Quod
1276 1732 1307 1770 si
1344 1733 1396 1770 ita

150 1794 350 1832 fecissent:
382 1802 511 1832 tamen
539 1795 578 1832 id
602 1789 682 1834 non
710 1795 762 1833 ita
789 1796 907 1833 fixum
935 1808 1020 1834 esse
1044 1796 1212 1839 deberet,
1233 1803 1275 1835 ut
1303 1808 1396 1836 con-

151 1858 235 1895 velli
272 1870 351 1896 non
388 1858 527 1897 liceret.
583 1859 676 1898 Non
715 1867 799 1898 utar
836 1860 1100 1911 exemplorum
1138 1862 1261 1912 copia,
1296 1874 1395 1912 quae
1413 1879 1450 1911 ²5

151 1935 302 1962 summa
331 1930 412 1962 est:
443 1936 524 1962 non
552 1937 632 1963 rem
662 1932 838 1972 veterem,
865 1939 946 1965 non
972 1926 1171 1966 hominem
1198 1933 1396 1978 potentem

152 1989 328 2039 aliquem,
358 1996 423 2028 aut
452 1991 662 2039 gratiosum
693 1991 897 2041 proferam.
953 1991 1089 2043 Nuper
1119 1994 1315 2032 hominem
1345 2000 1399 2032 te-

154 2067 283 2102 nuem,
315 2055 478 2094 scribam
519 2056 745 2101 aedilicium,
779 2055 828 2094 D.
850 2056 1083 2105 Matrinium,
1115 2071 1234 2108 quum
1267 2059 1398 2097 defen-

153 2119 294 2158 dissem
324 2119 427 2169 apud
456 2118 511 2157 M.
532 2120 698 2166 Iunium,
729 2120 776 2168 Q.
799 2121 1023 2170 Publicium,
1051 2129 1256 2173 praetores,
1276 2129 1314 2162 et
1342 2123 1399 2162 M.

153 2183 392 2230 Plaetorium,
422 2184 467 2223 C.
489 2184 729 2232 Flaminium,
761 2186 902 2224 aediles
938 2187 1109 2226 curules:
1146 2188 1329 2238 persuasi,
1359 2194 1399 2227 ut
1413 2204 1456 2235 30

154 2249 317 2287 scribam
345 2249 454 2287 iurati
488 2250 657 2300 legerent
690 2262 789 2296 eum,
819 2263 934 2300 quem
972 2252 1086 2291 iidem
1120 2250 1180 2290 isti
1219 2263 1398 2290 censores

154 2313 340 2352 aerarium
377 2313 626 2365 reliquissent.
701 2313 832 2362 Quum
870 2316 973 2354 enim
1019 2315 1058 2353 in
1099 2315 1257 2354 homine
1295 2314 1397 2354 nulla
