1650 2554
294 151 349 205 84
591 159 595 162 ’
634 159 685 193 Μ.
722 159 885 192 TULLII
914 159 1161 192 CICERONIS
1208 164 1249 185 *f
1319 163 1548 194 emm—242

293 265 496 312 senatoria,
518 278 599 304 non
626 265 722 304 falsa
751 266 903 312 invidia,
926 265 994 304 sed
1014 277 1103 303 vera
1121 271 1238 315 atque
1264 265 1407 316 insigni
1433 267 1551 317 turpi-

291 332 423 370 tudine
442 337 587 377 notata,
605 338 719 382 atque
738 338 872 382 operta
887 331 1078 370 dedecore
1097 337 1134 369 et
1153 331 1319 378 infamia,
1337 331 1552 372 defensioni

292 397 422 435 locum
442 397 589 435 nullum
609 397 861 447 reliquissent.
911 396 1017 443 Quid
1037 397 1142 435 enim
1160 396 1316 435 tandem
1335 397 1388 435 illi
1405 397 1551 437 iudices

292 462 584 513 responderent,
607 463 638 501 si
657 463 743 513 quis
762 463 811 500 ab
831 463 876 501 iis
896 469 1117 512 quaereret:
1141 461 1439 501 Condemnastis
1459 462 1551 502 Sca·

255 544 272 575 5
290 527 524 566 mandrum:
563 539 641 578 quo
682 527 869 566 crimine?
908 526 1061 577 Nempe
1100 527 1206 576 quod
1242 526 1444 574 Habitum,
1481 540 1551 578 per

294 606 444 631 servum
482 593 634 639 medici,
665 605 816 631 veneno
855 605 995 631 necare
1023 592 1216 631 voluisset.
1272 592 1378 640 Quid
1415 593 1549 632 Habiti

291 665 415 697 morte
437 659 672 698 Scamander
693 659 1027 710 consequebatur?
1084 658 1211 697 Nihil:
1241 659 1310 698 sed
1329 658 1550 698 administer

291 732 370 763 erat
390 723 610 775 Oppianici.
668 725 968 764 Condemnastis
993 723 1038 762 C.
1059 724 1288 762 Fabricium.
1344 723 1450 772 Quid
1467 725 1548 763 ita?

294 790 394 839 quia,
425 803 544 840 quum
573 791 656 841 ipse
687 790 980 828 familiarissime
1010 789 1231 840 Oppianico
1258 801 1362 836 usus,
1392 789 1548 828 libertus

238 869 276 892 10
292 863 420 893 autem
440 856 521 893 eius
542 856 581 893 in
600 855 789 894 maleficio
812 854 1074 905 deprehensus
1093 860 1207 902 esset,
1226 854 1331 892 illum
1351 861 1549 905 expertem

291 921 371 959 eius
392 921 540 959 consilii
561 920 679 959 fuisse
698 932 780 958 non
795 921 1040 970 probabatur.
1090 919 1131 958 Si
1150 920 1263 970 igitur
1281 919 1409 970 ipsum
1425 918 1547 970 Oppi-

290 987 456 1033 anicum,
476 987 536 1024 bis
561 987 639 1024 suis
668 986 816 1024 iudiciis
845 985 1159 1030 condemnatum,
1181 985 1441 1032 absolvissent,
1462 985 1548 1034 quis

290 1059 436 1091 tantam
449 1052 722 1102 turpitudinem
735 1051 973 1098 iudiciorum,
989 1051 1073 1101 quis
1087 1057 1234 1089 tantam
1249 1050 1548 1089 inconstantiam

290 1130 416 1156 rerum
445 1118 710 1163 iudicatarum,
738 1117 824 1167 quis
853 1123 999 1154 tantam
1028 1117 1226 1155 libidinem
1254 1115 1423 1154 iudicum
1450 1114 1547 1154 ferre

236 1199 273 1231 15
292 1184 507 1234 potuisset?
566 1184 627 1221 62.
658 1182 779 1230 Quod
799 1182 830 1221 si
856 1182 931 1220 hoc
950 1182 1097 1229 videtis,
1118 1181 1225 1232 quod
1243 1181 1320 1220 iam
1339 1181 1412 1219 hac
1440 1180 1549 1219 omni

290 1249 464 1288 oratione
501 1248 736 1299 patefactum
774 1254 843 1294 est,
873 1248 937 1286 illo
975 1249 1117 1287 iudicio
1153 1260 1261 1286 reum
1298 1247 1548 1286 condemnari

290 1315 515 1366 praesertim
544 1315 593 1352 ab
612 1313 748 1352 iisdem
768 1314 969 1360 iudicibus,
991 1314 1056 1363 qui
1076 1312 1153 1351 duo
1178 1313 1410 1363 praeiudicia
1436 1312 1547 1351 fecis-

291 1387 386 1426 sent,
424 1391 583 1418 necesse
622 1379 761 1417 fuisse:
807 1379 920 1416 simul
957 1378 1049 1417 illud
1085 1378 1244 1416 videatis
1280 1390 1445 1417 necesse
1477 1385 1548 1424 est,

290 1445 435 1483 nullam
473 1445 687 1484 accusatori
725 1456 884 1483 causam
923 1456 1008 1483 esse
1042 1444 1226 1495 potuisse,
1260 1456 1327 1482 cur
1363 1443 1548 1482 iudicium

235 1526 275 1548 20
290 1510 400 1548 vellet
428 1522 686 1560 corrumpere.

332 1579 401 1614 23.
432 1575 589 1622 Quaero
619 1575 722 1613 enim
752 1575 821 1613 abs
859 1580 907 1622 te,
938 1574 984 1612 T.
1006 1575 1098 1621 Atti,
1126 1574 1265 1613 relictis
1301 1574 1379 1613 iam
1412 1575 1548 1613 ceteris

292 1641 525 1690 argumentis
559 1640 750 1686 omnibus,
783 1651 878 1677 num
909 1639 1105 1678 Fabricios
1139 1652 1294 1690 quoque
1322 1640 1548 1679 innocentes

292 1706 574 1744 condemnatos
605 1705 823 1743 existimes:
864 1716 957 1742 num
985 1706 1099 1743 etiarn
1127 1705 1190 1743 illa
1217 1704 1355 1743 iudicia
1381 1706 1548 1755 pecunia

292 1777 471 1821 corrupta
490 1783 575 1809 esse
605 1770 731 1818 dicas;
762 1770 900 1819 quibus
929 1770 1075 1808 iudiciis
1104 1770 1196 1809 alter
1224 1782 1248 1808 a
1276 1770 1432 1809 Staieno
1462 1770 1546 1810 solo

238 1852 275 1885 25
294 1836 490 1874 absolutus
519 1842 587 1882 est,
607 1835 700 1873 alter
728 1835 842 1873 etiam
871 1835 953 1884 ipse
982 1846 1023 1874 se
1052 1835 1334 1874 condemnavit.
1390 1835 1489 1886 Age,
1514 1837 1547 1875 si

292 1907 498 1940 nocentes:
546 1901 654 1939 cuius
690 1900 892 1938 maleficii?
940 1900 1131 1950 numquid
1167 1907 1318 1950 praeter
1354 1913 1548 1940 venenum

293 1967 520 2017 quaesitum,
550 1978 628 2016 quo
658 1965 824 2004 Habitus
855 1971 1063 2012 necaretur,
1092 1966 1287 2004 obiectum
1316 1966 1401 2004 est?
1431 1979 1548 2005 nnm-v

293 2031 386 2082 quid
423 2031 527 2069 aliud
555 2031 595 2068 in
632 2030 703 2069 illis
741 2030 888 2070 iudiciis
916 2037 1109 2070 versatum
1146 2038 1214 2078 est,
1243 2038 1393 2081 praeter
1427 2031 1546 2071 hasce

291 2097 450 2136 insidias
498 2096 645 2134 Habito
692 2097 742 2134 ab
780 2095 1001 2146 Oppianico
1043 2108 1112 2146 per
1157 2095 1352 2135 Fabricios
1398 2096 1545 2137 factas?

236 2179 279 2210 30
293 2162 409 2210 Nihil,
447 2161 552 2208 nihil,
592 2161 763 2211 inquam,
803 2161 915 2208 aliud,
954 2160 1110 2208 iudices,
1148 2160 1352 2211 reperietis.
1408 2161 1545 2202 Exstat

292 2227 500 2266 memoria:
533 2232 622 2265 sunt
650 2227 802 2264 tabulae
831 2226 1026 2276 publicae:
1060 2225 1246 2275 redargue
1273 2238 1348 2272 me,
1378 2227 1409 2265 si
1436 2239 1543 2266 men-

292 2292 385 2332 tior}
414 2292 565 2331 testium
595 2291 695 2331 dicta
724 2292 862 2330 recita:
891 2291 1001 2340 doce,
1028 2291 1068 2329 in
1095 2291 1248 2330 illorum
1274 2291 1434 2348 iudiciis.
1450 2293 1543 2343 quid
