1650 2554
29 1916 57 1934 ab

184 186 223 224 §5
241 187 399 225 42--47,⁴
473 179 564 212 ORA
573 179 650 212 rto
679 178 774 211 P‘Ro
790 177 1128 210 'A.'CLUENT10.
1381 170 1432 220 77

173 299 281 338 ¹quae
319 285 536 335 Oppianici,
569 284 735 322 hominis
773 282 980 320 avarissimi
1019 288 1132 331 atque
1173 278 1430 323 audacissimi,

183 357 354 390 mentem
373 350 540 387 maxime
560 348 839 387 commovebat.
893 355 954 394 45.
985 346 1088 383 Nam
1109 345 1288 390 Habitus,
1309 354 1433 392 usque

183 417 234 455 ad
260 416 358 454 illius
394 415 521 452 iudicii
558 420 721 463 tempus,
755 412 903 449 nullum
939 416 1209 449 testamentum
1247 419 1434 458 umquam

184 481 333 519 fecerat.
411 479 549 528 Neque
587 479 689 516 enim
726 477 852 526 legare
897 476 1087 514 eiusmodi
1124 475 1235 513 matri
1282 478 1434 524 poterat

184 547 355 585 animum
402 545 606 582 inducere:
653 554 779 592 neque
815 548 1045 579 testamento
1089 552 1234 579 nornen
1272 538 1435 577 omnino

185 610 480 661 praetermittere
524 608 701 658 parentis.
771 607 818 644 Id
861 619 982 656 quum
1025 606 1264 656 Oppianicus
1307 604 1430 648 sciret,

186 675 329 727 (neque
349 675 452 712 enim
471 681 550 711 erat
569 674 806 720 obscurum,)
829 672 1074 721 intelligebat,
1104 671 1249 709 Habito
1268 676 1433 716 mortuo,

184 742 290 779 bona
315 740 396 777 eius
422 738 552 776 omnia
577 738 627 775 ad
651 744 813 775 matrem
840 749 924 775 esse
950 744 1132 775 ventura:
1161 749 1259 786 quae
1280 737 1328 773 ab
1350 747 1434 773 sese

185 811 331 856 postea,
354 811 462 842 aucta
481 803 644 853 pecunia
669 803 812 840 maiore
832 803 1015 852 praemio,
1037 803 1170 843 orbata
1188 801 1266 838 filio
1286 801 1435 838 minore

186 870 368 921 periculo,
384 875 591 906 necaretur.
641 867 774 916 Itaque
789 867 848 904 his
862 868 974 904 rebus
990 867 1179 912 incensus,
1197 878 1273 916 qua
1287 865 1434 903 ratione

186 935 375 973 Habitum
394 945 543 972 veneno
572 933 702 970 tollere
724 939 883 970 conatus
903 932 961 978 sit,
982 932 1216 981 cognoscite.

239 1004 303 1039 16.
361 1001 420 1046 46.
455 998 499 1036 C.
532 1004 570 1036 et
597 997 642 1035 L.
672 998 835 1035 Fabricii
863 998 997 1036 fratres
1029 997 1174 1046 gemini
1207 995 1359 1034 fuerunt
1386 1008 1435 1034 ex

186 1065 396 1115 municipio
423 1063 643 1110 Aletrinate,
674 1063 851 1101 homines
877 1064 975 1100 inter
995 1074 1035 1100 se
1062 1074 1181 1111 quum
1207 1061 1331 1099 forma
1353 1067 1436 1098 tum

187 1131 357 1169 moribus
387 1129 539 1175 similes,
568 1129 806 1178 municipum
830 1134 958 1165 autem
985 1139 1142 1165 suorum
1169 1125 1433 1164 dissimillimi:

187 1196 228 1233 in
256 1196 394 1244 quibus
423 1200 588 1244 quantus
617 1192 799 1242 splendor
828 1192 886 1238 sit,
916 1203 1032 1241 quam
1061 1202 1183 1241 prope
1212 1189 1432 1239 aequabilis,

188 1273 304 1310 quam
341 1260 419 1298 fere
456 1259 630 1297 omnium
668 1264 849 1296 constans
886 1262 923 1294 et
959 1256 1158 1294 moderata
1193 1255 1289 1292 ratio
1325 1255 1435 1299 vitae,

190 1337 306 1362 nemo
330 1330 508 1370 vestrum,
534 1329 575 1360 ut
602 1334 691 1360 mea
714 1322 786 1360 fert
810 1322 955 1371 opinio,
984 1321 1146 1369 ignorat.
1203 1318 1279 1356 His
1306 1318 1436 1356 Fabri-

191 1390 259 1428 ciis
279 1401 430 1438 semper
449 1400 542 1425 usus
561 1395 618 1425 est
639 1387 879 1436 Oppianicus
899 1386 1200 1423 familiarissime.
1258 1384 1341 1421 Iam
1361 1383 1436 1421 hoc

192 1454 269 1492 sere
298 1454 399 1491 scitis
425 1465 572 1498 omnes,
600 1458 785 1501 quantam
807 1452 884 1488 vim
907 1451 1044 1488 habeat
1070 1451 1120 1489 ad
1149 1449 1438 1498 coniungendas

193 1519 376 1558 amicitias
403 1518 615 1556 studiorum
635 1530 680 1555 ac
705 1524 861 1555 naturae
881 1516 1098 1554 similitudo.
1165 1514 1298 1562 Quum
1317 1514 1368 1552 illi
1387 1514 1439 1551 ita

191 1585 368 1628 viverent,
392 1589 434 1620 ut
458 1582 603 1620 nullum
630 1589 830 1631 quaestum
854 1588 1003 1630 turpem
1031 1593 1117 1619 esse
1144 1580 1438 1618 arbitrarentur:

193 1661 313 1700 quum
332 1648 459 1686 omnis
486 1647 536 1684 ab
562 1647 620 1685 his
642 1647 757 1691 fraus,
781 1659 918 1684 omnes
943 1647 1103 1684 insidiae
1123 1644 1439 1694 circumscriptio-¹

192 1725 337 1763 nesque
357 1712 656 1750 adolescentium
680 1717 948 1758 nascerentur;
979 1722 1175 1761 quumque
1195 1716 1324 1748 essent
1342 1708 1440 1746 vitiis

193 1785 307 1828 atque
335 1777 579 1827 improbitate
613 1776 793 1814 omnibus
827 1777 931 1813 noti:
973 1775 1154 1822 studiose,
1187 1781 1229 1813 ut
1262 1774 1352 1820 dixi,
1387 1772 1437 1811 ad

193 1854 327 1881 eorum
348 1853 388 1880 se
396 1840 698 1895 familiaritatem
717 1841 846 1878 multis
866 1842 942 1878 iarn
962 1847 1048 1878 ante
1069 1841 1180 1879 annis
1201 1839 1439 1890 Oppianicus

194 1908 412 1958 applicarat.
472 1915 534 1954 47.
563 1906 697 1956 Itaque
722 1912 804 1943 turn
823 1906 878 1943 sic
903 1906 1042 1952 statuit,
1068 1918 1137 1956 per
1160 1905 1204 1944 C.
1225 1905 1441 1943 Fabricium

198 1976 305 2018 (narn
324 1971 368 2009 L.
395 1977 475 2009 erat
501 1970 690 2021 mortuus)
711 1970 866 2008 insidias
886 1970 1034 2008 Habito
1060 1981 1294 2019 comparare.
1350 1968 1443 2006 Erat

196 2036 260 2075 illo
279 2044 451 2086 tempore
471 2036 622 2073 infirma
640 2036 854 2074 valetudine
874 2034 1052 2073 Habitus.
1109 2035 1298 2073 Utebatur
1313 2040 1441 2072 autem

195 2101 347 2140 medico
367 2101 538 2150 ignobili,
560 2100 629 2139 sed
653 2107 826 2151 spectato
846 2100 1014 2146 homine,
1035 2099 1302 2149 Cleophanto:
1334 2098 1443 2136 cuius

1450 551 1469 585 5

1452 880 1493 902 10

1454 1203 1490 1235 15

1455 1529 1495 1551 20

198 2177 347 2204 servum
363 2166 583 2215 Diogenem
603 2165 798 2203 Fabricius
818 2165 868 2203 ad
885 2177 1077 2202 venenum
1104 2164 1251 2202 Habito
1270 2162 1441 2200 dandum
1456 2176 1499 2207 39

198 2240 267 2279 spe
295 2235 334 2268 et
360 2230 483 2280 pretio
512 2230 711 2268 sollicitare
741 2230 878 2279 coepit.
948 2229 1087 2267 Servus
1115 2241 1196 2267 non
1228 2226 1440 2272 incallidus,

199 2292 279 2340 sed,
298 2301 339 2332 ut
357 2295 440 2346 ipsa
457 2306 517 2334 res
541 2294 755 2341 declaravit,
780 2293 878 2344 frugi
905 2299 1018 2345 atque
1038 2294 1196 2343 integer,
1225 2303 1444 2331 sermonem
