<?xml version="1.0" encoding="UTF-8"?>
<!DOCTYPE html PUBLIC "-//W3C//DTD XHTML 1.0 Transitional//EN"
    "http://www.w3.org/TR/xhtml1/DTD/xhtml1-transitional.dtd">
<html xmlns="http://www.w3.org/1999/xhtml" xml:lang="en" lang="en">
 <head>
  <title>
</title>
<meta http-equiv="Content-Type" content="text/html;charset=utf-8" />
  <meta name='ocr-system' content='tesseract 3.04.00' />
  <meta name='ocr-capabilities' content='ocr_page ocr_carea ocr_par ocr_line ocrx_word'/>
</head>
<body>
  <div class='ocr_page' id='page_1' title='image "./procluentiowithi00ciceuoft/procluentiowithi00ciceuoft_0155.png"; bbox 0 0 1650 2554; ppageno 0'>
   <div class='ocr_carea' id='block_1_1' title="bbox 20 773 38 791">
    <p class='ocr_par' dir='ltr' id='par_1_1' title="bbox 20 773 38 791">
     <span class='ocr_line' id='line_1_1' title="bbox 20 773 30 788; textangle 90"><span class='ocrx_word' id='word_1_1' title='bbox 20 773 30 788; x_wconf 64' lang='grc' dir='ltr'>Α.</span> 
     </span>
     <span class='ocr_line' id='line_1_2' title="bbox 31 776 38 791; textangle 90"><span class='ocrx_word' id='word_1_2' title='bbox 31 776 38 791; x_wconf 49' lang='lat'>,-</span> 
     </span>
    </p>
   </div>
   <div class='ocr_carea' id='block_1_2' title="bbox 0 0 96 120">
    <p class='ocr_par' dir='ltr' id='par_1_2' title="bbox 0 0 96 120">
     <span class='ocr_line' id='line_1_3' title="bbox 0 0 96 120; baseline 0 2434"><span class='ocrx_word' id='word_1_3' title='bbox 0 0 96 120; x_wconf 95' lang='lat' dir='ltr'> </span> 
     </span>
    </p>
   </div>
   <div class='ocr_carea' id='block_1_3' title="bbox 0 1086 121 2554">
    <p class='ocr_par' dir='ltr' id='par_1_3' title="bbox 0 1086 121 2554">
     <span class='ocr_line' id='line_1_4' title="bbox 0 1086 121 2554; baseline 0 0"><span class='ocrx_word' id='word_1_4' title='bbox 0 1086 121 2554; x_wconf 95' lang='lat' dir='ltr'> </span> 
     </span>
    </p>
   </div>
   <div class='ocr_carea' id='block_1_4' title="bbox 166 165 1412 214">
    <p class='ocr_par' dir='ltr' id='par_1_4' title="bbox 166 165 1412 214">
     <span class='ocr_line' id='line_1_5' title="bbox 166 165 1412 214; baseline 0.001 -15"><span class='ocrx_word' id='word_1_5' title='bbox 166 165 404 210; x_wconf 66' lang='lat'>55196—200.</span> <span class='ocrx_word' id='word_1_6' title='bbox 465 167 643 199; x_wconf 78' lang='lat' dir='ltr'><strong><em>ORATIO</em></strong></span> <span class='ocrx_word' id='word_1_7' title='bbox 672 168 767 200; x_wconf 86' lang='lat' dir='ltr'>PRO</span> <span class='ocrx_word' id='word_1_8' title='bbox 795 168 840 200; x_wconf 80' lang='lat' dir='ltr'>A.</span> <span class='ocrx_word' id='word_1_9' title='bbox 871 166 1116 199; x_wconf 83' lang='lat' dir='ltr'><em>CLUENTIO.</em></span> <span class='ocrx_word' id='word_1_10' title='bbox 1332 170 1412 214; x_wconf 82' lang='lat'>143</span> 
     </span>
    </p>
   </div>
   <div class='ocr_carea' id='block_1_5' title="bbox 161 272 1411 2144">
    <p class='ocr_par' dir='ltr' id='par_1_5' title="bbox 161 272 1411 2144">
     <span class='ocr_line' id='line_1_6' title="bbox 163 272 1410 323; baseline -0.002 -12"><span class='ocrx_word' id='word_1_11' title='bbox 163 273 330 323; x_wconf 88' lang='lat' dir='ltr'><strong>equitem</strong></span> <span class='ocrx_word' id='word_1_12' title='bbox 369 272 592 311; x_wconf 89' lang='lat' dir='ltr'>Romanum</span> <span class='ocrx_word' id='word_1_13' title='bbox 634 273 810 310; x_wconf 90' lang='lat' dir='ltr'>omnium</span> <span class='ocrx_word' id='word_1_14' title='bbox 853 272 1149 318; x_wconf 88' lang='lat' dir='ltr'>ornatissimum,</span> <span class='ocrx_word' id='word_1_15' title='bbox 1188 272 1410 309; x_wconf 85' lang='lat' dir='ltr'>nominare!</span> 
     </span>
     <span class='ocr_line' id='line_1_7' title="bbox 164 337 1410 388; baseline -0.002 -12"><span class='ocrx_word' id='word_1_16' title='bbox 164 338 240 388; x_wconf 91' lang='lat' dir='ltr'>qui,</span> <span class='ocrx_word' id='word_1_17' title='bbox 260 350 390 387; x_wconf 86' lang='lat' dir='ltr'>quum,</span> <span class='ocrx_word' id='word_1_18' title='bbox 411 338 522 376; x_wconf 91' lang='lat' dir='ltr'>huius</span> <span class='ocrx_word' id='word_1_19' title='bbox 546 349 673 384; x_wconf 87' lang='lat' dir='ltr'>causa,</span> <span class='ocrx_word' id='word_1_20' title='bbox 693 337 775 376; x_wconf 92' lang='lat' dir='ltr'>dies</span> <span class='ocrx_word' id='word_1_21' title='bbox 794 343 1005 387; x_wconf 89' lang='lat' dir='ltr'>noctesque</span> <span class='ocrx_word' id='word_1_22' title='bbox 1024 337 1202 386; x_wconf 87' lang='lat' dir='ltr'>vigilaret,</span> <span class='ocrx_word' id='word_1_23' title='bbox 1227 342 1265 374; x_wconf 89' lang='lat' dir='ltr'>et</span> <span class='ocrx_word' id='word_1_24' title='bbox 1290 348 1410 386; x_wconf 91' lang='lat' dir='ltr'>quum</span> 
     </span>
     <span class='ocr_line' id='line_1_8' title="bbox 162 402 1409 452; baseline -0.002 -12"><span class='ocrx_word' id='word_1_25' title='bbox 162 415 225 441; x_wconf 88' lang='lat' dir='ltr'>me</span> <span class='ocrx_word' id='word_1_26' title='bbox 255 402 356 441; x_wconf 90' lang='lat' dir='ltr'>hanc</span> <span class='ocrx_word' id='word_1_27' title='bbox 384 415 542 441; x_wconf 88' lang='lat' dir='ltr'>causam</span> <span class='ocrx_word' id='word_1_28' title='bbox 570 403 737 450; x_wconf 90' lang='lat' dir='ltr'>doceret,</span> <span class='ocrx_word' id='word_1_29' title='bbox 764 404 803 440; x_wconf 90' lang='lat' dir='ltr'>in</span> <span class='ocrx_word' id='word_1_30' title='bbox 830 403 1010 440; x_wconf 88' lang='lat' dir='ltr'>morbum</span> <span class='ocrx_word' id='word_1_31' title='bbox 1036 414 1192 452; x_wconf 89' lang='lat' dir='ltr'>gravem</span> <span class='ocrx_word' id='word_1_32' title='bbox 1221 402 1409 452; x_wconf 88' lang='lat' dir='ltr'>periculo-</span> 
     </span>
     <span class='ocr_line' id='line_1_9' title="bbox 162 466 1408 517; baseline -0.002 -11"><span class='ocrx_word' id='word_1_33' title='bbox 162 479 323 517; x_wconf 88' lang='lat' dir='ltr'>sumque</span> <span class='ocrx_word' id='word_1_34' title='bbox 344 468 495 506; x_wconf 85' lang='lat' dir='ltr'>incidit:</span> <span class='ocrx_word' id='word_1_35' title='bbox 525 468 564 505; x_wconf 92' lang='lat' dir='ltr'>in</span> <span class='ocrx_word' id='word_1_36' title='bbox 584 480 661 517; x_wconf 91' lang='lat' dir='ltr'>quo</span> <span class='ocrx_word' id='word_1_37' title='bbox 681 474 810 505; x_wconf 87' lang='lat' dir='ltr'>tamen</span> <span class='ocrx_word' id='word_1_38' title='bbox 829 479 908 505; x_wconf 91' lang='lat' dir='ltr'>non</span> <span class='ocrx_word' id='word_1_39' title='bbox 927 468 1054 505; x_wconf 93' lang='lat' dir='ltr'>minus</span> <span class='ocrx_word' id='word_1_40' title='bbox 1075 467 1123 505; x_wconf 91' lang='lat' dir='ltr'>de</span> <span class='ocrx_word' id='word_1_41' title='bbox 1143 467 1267 516; x_wconf 90' lang='lat' dir='ltr'>capite</span> <span class='ocrx_word' id='word_1_42' title='bbox 1285 466 1408 512; x_wconf 90' lang='lat' dir='ltr'>huius,</span> 
     </span>
     <span class='ocr_line' id='line_1_10' title="bbox 161 531 1408 582; baseline -0.002 -12"><span class='ocrx_word' id='word_1_43' title='bbox 161 544 279 582; x_wconf 88' lang='lat' dir='ltr'>quam</span> <span class='ocrx_word' id='word_1_44' title='bbox 309 532 357 570; x_wconf 94' lang='lat' dir='ltr'>de</span> <span class='ocrx_word' id='word_1_45' title='bbox 391 544 460 570; x_wconf 88' lang='lat' dir='ltr'>sua</span> <span class='ocrx_word' id='word_1_46' title='bbox 493 533 568 570; x_wconf 87' lang='lat' dir='ltr'>vita</span> <span class='ocrx_word' id='word_1_47' title='bbox 599 532 757 570; x_wconf 87' lang='lat' dir='ltr'>laborat.</span> <span class='ocrx_word' id='word_1_48' title='bbox 821 531 893 570; x_wconf 91' lang='lat' dir='ltr'>Cn.</span> <span class='ocrx_word' id='word_1_49' title='bbox 924 531 1076 569; x_wconf 89' lang='lat' dir='ltr'>Tudicii</span> <span class='ocrx_word' id='word_1_50' title='bbox 1110 531 1308 578; x_wconf 88' lang='lat' dir='ltr'>senatoris,</span> <span class='ocrx_word' id='word_1_51' title='bbox 1341 531 1408 568; x_wconf 92' lang='lat' dir='ltr'>viri</span> 
     </span>
     <span class='ocr_line' id='line_1_11' title="bbox 161 597 1408 648; baseline -0.002 -12"><span class='ocrx_word' id='word_1_52' title='bbox 161 598 296 647; x_wconf 89' lang='lat' dir='ltr'>optimi</span> <span class='ocrx_word' id='word_1_53' title='bbox 318 603 356 635; x_wconf 91' lang='lat' dir='ltr'>et</span> <span class='ocrx_word' id='word_1_54' title='bbox 381 598 650 644; x_wconf 84' lang='lat' dir='ltr'>honestissimi,</span> <span class='ocrx_word' id='word_1_55' title='bbox 670 610 740 648; x_wconf 89' lang='lat' dir='ltr'>par</span> <span class='ocrx_word' id='word_1_56' title='bbox 760 598 926 636; x_wconf 91' lang='lat' dir='ltr'>studium</span> <span class='ocrx_word' id='word_1_57' title='bbox 945 598 985 635; x_wconf 90' lang='lat' dir='ltr'>in</span> <span class='ocrx_word' id='word_1_58' title='bbox 1004 597 1223 635; x_wconf 89' lang='lat' dir='ltr'>testimonio</span> <span class='ocrx_word' id='word_1_59' title='bbox 1244 603 1280 634; x_wconf 91' lang='lat' dir='ltr'>et</span> <span class='ocrx_word' id='word_1_60' title='bbox 1299 597 1408 634; x_wconf 89' lang='lat' dir='ltr'>laud-</span> 
     </span>
     <span class='ocr_line' id='line_1_12' title="bbox 161 662 1407 712; baseline -0.002 -11"><span class='ocrx_word' id='word_1_61' title='bbox 161 663 286 701; x_wconf 89' lang='lat' dir='ltr'>atione</span> <span class='ocrx_word' id='word_1_62' title='bbox 312 663 567 712; x_wconf 88' lang='lat' dir='ltr'>cognoscetis.</span> <span class='ocrx_word' id='word_1_63' title='bbox 623 662 772 701; x_wconf 89' lang='lat' dir='ltr'>Eadem</span> <span class='ocrx_word' id='word_1_64' title='bbox 802 675 870 712; x_wconf 90' lang='lat' dir='ltr'>spe</span> <span class='ocrx_word' id='word_1_65' title='bbox 899 662 968 700; x_wconf 88' lang='lat' dir='ltr'>sed</span> <span class='ocrx_word' id='word_1_66' title='bbox 995 662 1141 700; x_wconf 87' lang='lat' dir='ltr'>maiore</span> <span class='ocrx_word' id='word_1_67' title='bbox 1167 662 1407 707; x_wconf 89' lang='lat' dir='ltr'>verecundia,</span> 
     </span>
     <span class='ocr_line' id='line_1_13' title="bbox 161 725 1407 777; baseline -0.002 -11"><span class='ocrx_word' id='word_1_68' title='bbox 161 727 209 766; x_wconf 91' lang='lat' dir='ltr'>de</span> <span class='ocrx_word' id='word_1_69' title='bbox 237 735 286 774; x_wconf 91' lang='lat' dir='ltr'>te,</span> <span class='ocrx_word' id='word_1_70' title='bbox 315 727 358 765; x_wconf 92' lang='lat' dir='ltr'>P.</span> <span class='ocrx_word' id='word_1_71' title='bbox 382 727 578 774; x_wconf 87' lang='lat' dir='ltr'>Volumni,</span> <span class='ocrx_word' id='word_1_72' title='bbox 605 727 790 777; x_wconf 91' lang='lat' dir='ltr'>quoniam</span> <span class='ocrx_word' id='word_1_73' title='bbox 819 727 935 764; x_wconf 84' lang='lat' dir='ltr'>iudex</span> <span class='ocrx_word' id='word_1_74' title='bbox 964 739 1005 765; x_wconf 90' lang='lat' dir='ltr'>es</span> <span class='ocrx_word' id='word_1_75' title='bbox 1034 727 1073 764; x_wconf 92' lang='lat' dir='ltr'>in</span> <span class='ocrx_word' id='word_1_76' title='bbox 1099 727 1147 764; x_wconf 92' lang='lat' dir='ltr'>A.</span> <span class='ocrx_word' id='word_1_77' title='bbox 1175 725 1407 772; x_wconf 87' lang='lat' dir='ltr'>Cluentium,</span> 
     </span>
     <span class='ocr_line' id='line_1_14' title="bbox 162 791 1406 841; baseline -0.002 -11"><span class='ocrx_word' id='word_1_78' title='bbox 162 793 333 831; x_wconf 87' lang='lat' dir='ltr'>dicimus.</span> <span class='ocrx_word' id='word_1_79' title='bbox 379 791 440 838; x_wconf 91' lang='lat' dir='ltr'>Et,</span> <span class='ocrx_word' id='word_1_80' title='bbox 462 805 511 830; x_wconf 89' lang='lat' dir='ltr'>ne</span> <span class='ocrx_word' id='word_1_81' title='bbox 530 793 691 841; x_wconf 89' lang='lat' dir='ltr'>longum</span> <span class='ocrx_word' id='word_1_82' title='bbox 711 792 767 838; x_wconf 91' lang='lat' dir='ltr'>sit,</span> <span class='ocrx_word' id='word_1_83' title='bbox 788 793 962 830; x_wconf 88' lang='lat' dir='ltr'>omnium</span> <span class='ocrx_word' id='word_1_84' title='bbox 981 792 1193 829; x_wconf 89' lang='lat' dir='ltr'>vicinorum</span> <span class='ocrx_word' id='word_1_85' title='bbox 1214 803 1406 829; x_wconf 86' lang='lat' dir='ltr'>summam</span> 
     </span>
     <span class='ocr_line' id='line_1_15' title="bbox 162 856 1408 906; baseline -0.002 -10"><span class='ocrx_word' id='word_1_86' title='bbox 162 870 247 896; x_wconf 89' lang='lat' dir='ltr'>esse</span> <span class='ocrx_word' id='word_1_87' title='bbox 273 858 312 894; x_wconf 91' lang='lat' dir='ltr'>in</span> <span class='ocrx_word' id='word_1_88' title='bbox 338 857 441 895; x_wconf 87' lang='lat' dir='ltr'>hunc</span> <span class='ocrx_word' id='word_1_89' title='bbox 464 857 771 895; x_wconf 83' lang='lat' dir='ltr'>benevolentiam</span> <span class='ocrx_word' id='word_1_90' title='bbox 792 857 1076 894; x_wconf 87' lang='lat' dir='ltr'>confirmamus.</span> <span class='ocrx_word' id='word_1_91' title='bbox 1138 869 1222 906; x_wconf 92' lang='lat'>199.</span> <span class='ocrx_word' id='word_1_92' title='bbox 1253 856 1408 895; x_wconf 88' lang='lat' dir='ltr'>Horum</span> 
     </span>
     <span class='ocr_line' id='line_1_16' title="bbox 162 922 1408 971; baseline -0.002 -10"><span class='ocrx_word' id='word_1_93' title='bbox 162 924 334 961; x_wconf 91' lang='lat' dir='ltr'>omnium</span> <span class='ocrx_word' id='word_1_94' title='bbox 354 923 531 968; x_wconf 86' lang='lat' dir='ltr'>studium,</span> <span class='ocrx_word' id='word_1_95' title='bbox 552 934 693 968; x_wconf 87' lang='lat' dir='ltr'>curam,</span> <span class='ocrx_word' id='word_1_96' title='bbox 711 922 958 971; x_wconf 82' lang='lat' dir='ltr'>diligentiam,</span> <span class='ocrx_word' id='word_1_97' title='bbox 977 934 1185 971; x_wconf 89' lang='lat' dir='ltr'>meumque</span> <span class='ocrx_word' id='word_1_98' title='bbox 1204 934 1282 959; x_wconf 92' lang='lat' dir='ltr'>una</span> <span class='ocrx_word' id='word_1_99' title='bbox 1301 922 1408 959; x_wconf 88' lang='lat' dir='ltr'>labo-</span> 
     </span>
     <span class='ocr_line' id='line_1_17' title="bbox 161 987 1409 1037; baseline -0.001 -12"><span class='ocrx_word' id='word_1_100' title='bbox 161 1000 254 1034; x_wconf 90' lang='lat' dir='ltr'>rem,</span> <span class='ocrx_word' id='word_1_101' title='bbox 293 988 359 1037; x_wconf 87' lang='lat' dir='ltr'>qui</span> <span class='ocrx_word' id='word_1_102' title='bbox 400 994 522 1025; x_wconf 89' lang='lat' dir='ltr'>totam</span> <span class='ocrx_word' id='word_1_103' title='bbox 568 987 668 1025; x_wconf 89' lang='lat' dir='ltr'>hanc</span> <span class='ocrx_word' id='word_1_104' title='bbox 713 999 880 1032; x_wconf 90' lang='lat' dir='ltr'>causam,</span> <span class='ocrx_word' id='word_1_105' title='bbox 918 994 1044 1025; x_wconf 91' lang='lat' dir='ltr'>vetere</span> <span class='ocrx_word' id='word_1_106' title='bbox 1081 987 1266 1033; x_wconf 91' lang='lat' dir='ltr'>instituto,</span> <span class='ocrx_word' id='word_1_107' title='bbox 1305 987 1409 1024; x_wconf 89' lang='lat' dir='ltr'>solus</span> 
     </span>
     <span class='ocr_line' id='line_1_18' title="bbox 163 1052 1408 1103; baseline -0.002 -12"><span class='ocrx_word' id='word_1_108' title='bbox 163 1054 346 1103; x_wconf 87' lang='lat' dir='ltr'>peroravi,</span> <span class='ocrx_word' id='word_1_109' title='bbox 373 1059 614 1102; x_wconf 85' lang='lat' dir='ltr'>vestramque</span> <span class='ocrx_word' id='word_1_110' title='bbox 644 1052 766 1098; x_wconf 89' lang='lat' dir='ltr'>simul,</span> <span class='ocrx_word' id='word_1_111' title='bbox 795 1052 948 1099; x_wconf 89' lang='lat' dir='ltr'>iudices,</span> <span class='ocrx_word' id='word_1_112' title='bbox 977 1053 1207 1102; x_wconf 87' lang='lat' dir='ltr'>aequitatem</span> <span class='ocrx_word' id='word_1_113' title='bbox 1234 1059 1271 1090; x_wconf 91' lang='lat' dir='ltr'>et</span> <span class='ocrx_word' id='word_1_114' title='bbox 1298 1064 1408 1089; x_wconf 85' lang='lat' dir='ltr'>man-</span> 
     </span>
     <span class='ocr_line' id='line_1_19' title="bbox 164 1118 1408 1167; baseline -0.001 -11"><span class='ocrx_word' id='word_1_115' title='bbox 164 1118 403 1156; x_wconf 78' lang='lat' dir='ltr'>suetudinem</span> <span class='ocrx_word' id='word_1_116' title='bbox 421 1130 498 1155; x_wconf 90' lang='lat' dir='ltr'>una</span> <span class='ocrx_word' id='word_1_117' title='bbox 517 1124 638 1154; x_wconf 87' lang='lat' dir='ltr'>mater</span> <span class='ocrx_word' id='word_1_118' title='bbox 658 1124 867 1166; x_wconf 87' lang='lat' dir='ltr'>oppugnat.</span> <span class='ocrx_word' id='word_1_119' title='bbox 926 1118 979 1155; x_wconf 92' lang='lat' dir='ltr'>At</span> <span class='ocrx_word' id='word_1_120' title='bbox 999 1129 1097 1167; x_wconf 89' lang='lat' dir='ltr'>quae</span> <span class='ocrx_word' id='word_1_121' title='bbox 1116 1118 1263 1155; x_wconf 87' lang='lat' dir='ltr'>mater?</span> <span class='ocrx_word' id='word_1_122' title='bbox 1292 1129 1408 1167; x_wconf 90' lang='lat' dir='ltr'>quam</span> 
     </span>
     <span class='ocr_line' id='line_1_20' title="bbox 164 1182 1405 1232; baseline -0.002 -10"><span class='ocrx_word' id='word_1_123' title='bbox 164 1195 319 1222; x_wconf 88' lang='lat' dir='ltr'>caecam</span> <span class='ocrx_word' id='word_1_124' title='bbox 347 1183 566 1221; x_wconf 88' lang='lat' dir='ltr'>crudelitate</span> <span class='ocrx_word' id='word_1_125' title='bbox 594 1189 632 1220; x_wconf 87' lang='lat' dir='ltr'>et</span> <span class='ocrx_word' id='word_1_126' title='bbox 660 1182 802 1220; x_wconf 89' lang='lat' dir='ltr'>scelere</span> <span class='ocrx_word' id='word_1_127' title='bbox 831 1182 917 1220; x_wconf 90' lang='lat' dir='ltr'>ferri</span> <span class='ocrx_word' id='word_1_128' title='bbox 940 1183 1096 1221; x_wconf 88' lang='lat' dir='ltr'>videtis:</span> <span class='ocrx_word' id='word_1_129' title='bbox 1126 1183 1233 1221; x_wconf 87' lang='lat' dir='ltr'>cuius</span> <span class='ocrx_word' id='word_1_130' title='bbox 1262 1182 1405 1232; x_wconf 92' lang='lat' dir='ltr'>cupidi-</span> 
     </span>
     <span class='ocr_line' id='line_1_21' title="bbox 164 1247 1409 1297; baseline -0.001 -11"><span class='ocrx_word' id='word_1_131' title='bbox 164 1254 281 1286; x_wconf 87' lang='lat' dir='ltr'>tatem</span> <span class='ocrx_word' id='word_1_132' title='bbox 318 1248 420 1285; x_wconf 89' lang='lat' dir='ltr'>nulla</span> <span class='ocrx_word' id='word_1_133' title='bbox 454 1259 639 1297; x_wconf 86' lang='lat' dir='ltr'>umquam</span> <span class='ocrx_word' id='word_1_134' title='bbox 677 1247 869 1296; x_wconf 88' lang='lat' dir='ltr'>turpitudo</span> <span class='ocrx_word' id='word_1_135' title='bbox 906 1248 1128 1285; x_wconf 85' lang='lat' dir='ltr'>retardavit:</span> <span class='ocrx_word' id='word_1_136' title='bbox 1177 1259 1275 1297; x_wconf 89' lang='lat' dir='ltr'>quae</span> <span class='ocrx_word' id='word_1_137' title='bbox 1313 1247 1409 1285; x_wconf 88' lang='lat' dir='ltr'>vitiis</span> 
     </span>
     <span class='ocr_line' id='line_1_22' title="bbox 164 1312 1409 1362; baseline 0 -12"><span class='ocrx_word' id='word_1_138' title='bbox 164 1313 282 1350; x_wconf 88' lang='lat' dir='ltr'>animi</span> <span class='ocrx_word' id='word_1_139' title='bbox 311 1313 350 1350; x_wconf 91' lang='lat' dir='ltr'>in</span> <span class='ocrx_word' id='word_1_140' title='bbox 373 1313 593 1350; x_wconf 83' lang='lat' dir='ltr'>deterrimas</span> <span class='ocrx_word' id='word_1_141' title='bbox 622 1320 749 1362; x_wconf 86' lang='lat' dir='ltr'>partes</span> <span class='ocrx_word' id='word_1_142' title='bbox 777 1312 857 1349; x_wconf 90' lang='lat' dir='ltr'>iura</span> <span class='ocrx_word' id='word_1_143' title='bbox 884 1312 1086 1350; x_wconf 90' lang='lat' dir='ltr'>hominum</span> <span class='ocrx_word' id='word_1_144' title='bbox 1115 1313 1300 1350; x_wconf 90' lang='lat' dir='ltr'>convertit</span> <span class='ocrx_word' id='word_1_145' title='bbox 1325 1324 1409 1350; x_wconf 91' lang='lat' dir='ltr'>om-</span> 
     </span>
     <span class='ocr_line' id='line_1_23' title="bbox 164 1377 1411 1426; baseline 0.001 -11"><span class='ocrx_word' id='word_1_146' title='bbox 164 1378 252 1415; x_wconf 85' lang='lat' dir='ltr'>nia:</span> <span class='ocrx_word' id='word_1_147' title='bbox 291 1378 398 1415; x_wconf 90' lang='lat' dir='ltr'>cuius</span> <span class='ocrx_word' id='word_1_148' title='bbox 428 1389 473 1415; x_wconf 88' lang='lat' dir='ltr'>ea</span> <span class='ocrx_word' id='word_1_149' title='bbox 501 1377 654 1415; x_wconf 89' lang='lat' dir='ltr'>stultitia</span> <span class='ocrx_word' id='word_1_150' title='bbox 681 1384 749 1423; x_wconf 86' lang='lat' dir='ltr'>est,</span> <span class='ocrx_word' id='word_1_151' title='bbox 778 1384 820 1415; x_wconf 90' lang='lat' dir='ltr'>ut</span> <span class='ocrx_word' id='word_1_152' title='bbox 851 1389 938 1415; x_wconf 90' lang='lat' dir='ltr'>eam</span> <span class='ocrx_word' id='word_1_153' title='bbox 966 1389 1083 1415; x_wconf 92' lang='lat' dir='ltr'>nemo</span> <span class='ocrx_word' id='word_1_154' title='bbox 1113 1377 1331 1426; x_wconf 79' lang='lat' dir='ltr'>hominem3</span> <span class='ocrx_word' id='word_1_155' title='bbox 1365 1390 1411 1416; x_wconf 87' lang='lat' dir='ltr'>ea</span> 
     </span>
     <span class='ocr_line' id='line_1_24' title="bbox 165 1441 1409 1490; baseline 0.001 -11"><span class='ocrx_word' id='word_1_156' title='bbox 165 1443 231 1488; x_wconf 89' lang='lat' dir='ltr'>vis,</span> <span class='ocrx_word' id='word_1_157' title='bbox 261 1450 302 1480; x_wconf 93' lang='lat' dir='ltr'>ut</span> <span class='ocrx_word' id='word_1_158' title='bbox 329 1454 445 1480; x_wconf 90' lang='lat' dir='ltr'>nemo</span> <span class='ocrx_word' id='word_1_159' title='bbox 474 1441 678 1490; x_wconf 87' lang='lat' dir='ltr'>feminam;</span> <span class='ocrx_word' id='word_1_160' title='bbox 717 1454 762 1480; x_wconf 85' lang='lat' dir='ltr'>ea</span> <span class='ocrx_word' id='word_1_161' title='bbox 792 1442 1006 1489; x_wconf 83' lang='lat' dir='ltr'>crudelitas,</span> <span class='ocrx_word' id='word_1_162' title='bbox 1034 1448 1075 1480; x_wconf 94' lang='lat' dir='ltr'>ut</span> <span class='ocrx_word' id='word_1_163' title='bbox 1104 1454 1220 1480; x_wconf 89' lang='lat' dir='ltr'>nemo</span> <span class='ocrx_word' id='word_1_164' title='bbox 1248 1449 1409 1481; x_wconf 89' lang='lat' dir='ltr'>matrem</span> 
     </span>
     <span class='ocr_line' id='line_1_25' title="bbox 165 1507 1408 1557; baseline 0 -12"><span class='ocrx_word' id='word_1_165' title='bbox 165 1507 355 1557; x_wconf 87' lang='lat' dir='ltr'>appellare</span> <span class='ocrx_word' id='word_1_166' title='bbox 384 1508 515 1557; x_wconf 88' lang='lat' dir='ltr'>possit.</span> <span class='ocrx_word' id='word_1_167' title='bbox 574 1507 703 1557; x_wconf 88' lang='lat' dir='ltr'>Atque</span> <span class='ocrx_word' id='word_1_168' title='bbox 737 1508 851 1544; x_wconf 89' lang='lat' dir='ltr'>etiam</span> <span class='ocrx_word' id='word_1_169' title='bbox 885 1508 1044 1545; x_wconf 89' lang='lat' dir='ltr'>nomina</span> <span class='ocrx_word' id='word_1_170' title='bbox 1071 1507 1408 1555; x_wconf 89' lang='lat' dir='ltr'>necessitudinum,</span> 
     </span>
     <span class='ocr_line' id='line_1_26' title="bbox 165 1572 1410 1623; baseline 0.001 -13"><span class='ocrx_word' id='word_1_171' title='bbox 165 1584 246 1610; x_wconf 90' lang='lat' dir='ltr'>non</span> <span class='ocrx_word' id='word_1_172' title='bbox 266 1572 391 1610; x_wconf 90' lang='lat' dir='ltr'>solum</span> <span class='ocrx_word' id='word_1_173' title='bbox 415 1579 570 1610; x_wconf 88' lang='lat' dir='ltr'>naturae</span> <span class='ocrx_word' id='word_1_174' title='bbox 595 1584 739 1610; x_wconf 90' lang='lat' dir='ltr'>nomen</span> <span class='ocrx_word' id='word_1_175' title='bbox 765 1579 802 1610; x_wconf 90' lang='lat' dir='ltr'>et</span> <span class='ocrx_word' id='word_1_176' title='bbox 826 1572 908 1610; x_wconf 89' lang='lat' dir='ltr'>iura</span> <span class='ocrx_word' id='word_1_177' title='bbox 934 1573 1113 1610; x_wconf 86' lang='lat' dir='ltr'>mutavit:</span> <span class='ocrx_word' id='word_1_178' title='bbox 1143 1585 1240 1610; x_wconf 89' lang='lat' dir='ltr'>uxor</span> <span class='ocrx_word' id='word_1_179' title='bbox 1267 1574 1410 1623; x_wconf 88' lang='lat' dir='ltr'>generi,</span> 
     </span>
     <span class='ocr_line' id='line_1_27' title="bbox 164 1637 1409 1687; baseline -0.001 -10"><span class='ocrx_word' id='word_1_180' title='bbox 164 1649 331 1677; x_wconf 85' lang='lat' dir='ltr'>noverca</span> <span class='ocrx_word' id='word_1_181' title='bbox 358 1637 432 1683; x_wconf 84' lang='lat' dir='ltr'>filii,</span> <span class='ocrx_word' id='word_1_182' title='bbox 462 1637 561 1675; x_wconf 89' lang='lat' dir='ltr'>filiae</span> <span class='ocrx_word' id='word_1_183' title='bbox 590 1637 737 1687; x_wconf 86' lang='lat' dir='ltr'>pellex:</span> <span class='ocrx_word' id='word_1_184' title='bbox 775 1649 822 1676; x_wconf 94' lang='lat' dir='ltr'>eo</span> <span class='ocrx_word' id='word_1_185' title='bbox 851 1637 927 1675; x_wconf 89' lang='lat' dir='ltr'>iam</span> <span class='ocrx_word' id='word_1_186' title='bbox 957 1638 1121 1687; x_wconf 88' lang='lat' dir='ltr'>denique</span> <span class='ocrx_word' id='word_1_187' title='bbox 1151 1637 1316 1676; x_wconf 90' lang='lat' dir='ltr'>adducta</span> <span class='ocrx_word' id='word_1_188' title='bbox 1341 1645 1409 1684; x_wconf 90' lang='lat' dir='ltr'>est,</span> 
     </span>
     <span class='ocr_line' id='line_1_28' title="bbox 165 1702 1410 1752; baseline 0.001 -13"><span class='ocrx_word' id='word_1_189' title='bbox 165 1709 206 1740; x_wconf 88' lang='lat' dir='ltr'>ut</span> <span class='ocrx_word' id='word_1_190' title='bbox 233 1702 315 1748; x_wconf 88' lang='lat' dir='ltr'>sibi,</span> <span class='ocrx_word' id='word_1_191' title='bbox 345 1710 493 1752; x_wconf 86' lang='lat' dir='ltr'>praeter</span> <span class='ocrx_word' id='word_1_192' title='bbox 521 1702 695 1748; x_wconf 87' lang='lat' dir='ltr'>formam,</span> <span class='ocrx_word' id='word_1_193' title='bbox 725 1702 818 1740; x_wconf 92' lang='lat' dir='ltr'>nihil</span> <span class='ocrx_word' id='word_1_194' title='bbox 847 1702 896 1739; x_wconf 91' lang='lat' dir='ltr'>ad</span> <span class='ocrx_word' id='word_1_195' title='bbox 925 1702 1210 1740; x_wconf 90' lang='lat' dir='ltr'>similitudinem</span> <span class='ocrx_word' id='word_1_196' title='bbox 1244 1702 1410 1741; x_wconf 90' lang='lat' dir='ltr'>hominis</span> 
     </span>
     <span class='ocr_line' id='line_1_29' title="bbox 165 1766 1409 1818; baseline 0.001 -13"><span class='ocrx_word' id='word_1_197' title='bbox 165 1768 369 1806; x_wconf 87' lang='lat' dir='ltr'>reservarit.</span> <span class='ocrx_word' id='word_1_198' title='bbox 428 1780 517 1805; x_wconf 86' lang='lat'>200.</span> <span class='ocrx_word' id='word_1_199' title='bbox 547 1766 688 1814; x_wconf 88' lang='lat' dir='ltr'>Quare,</span> <span class='ocrx_word' id='word_1_200' title='bbox 715 1767 870 1814; x_wconf 90' lang='lat' dir='ltr'>iudices,</span> <span class='ocrx_word' id='word_1_201' title='bbox 895 1769 926 1806; x_wconf 90' lang='lat' dir='ltr'>si</span> <span class='ocrx_word' id='word_1_202' title='bbox 956 1768 1079 1806; x_wconf 90' lang='lat' dir='ltr'>scelus</span> <span class='ocrx_word' id='word_1_203' title='bbox 1107 1768 1252 1815; x_wconf 89' lang='lat' dir='ltr'>odistis,</span> <span class='ocrx_word' id='word_1_204' title='bbox 1280 1769 1409 1818; x_wconf 91' lang='lat' dir='ltr'>prohi-</span> 
     </span>
     <span class='ocr_line' id='line_1_30' title="bbox 166 1834 1407 1884; baseline 0 -11"><span class='ocrx_word' id='word_1_205' title='bbox 166 1835 252 1874; x_wconf 87' lang='lat' dir='ltr'>bete</span> <span class='ocrx_word' id='word_1_206' title='bbox 279 1834 423 1872; x_wconf 90' lang='lat' dir='ltr'>aditum</span> <span class='ocrx_word' id='word_1_207' title='bbox 451 1835 581 1872; x_wconf 88' lang='lat' dir='ltr'>matris</span> <span class='ocrx_word' id='word_1_208' title='bbox 614 1847 638 1872; x_wconf 90' lang='lat' dir='ltr'>a</span> <span class='ocrx_word' id='word_1_209' title='bbox 667 1834 731 1871; x_wconf 91' lang='lat' dir='ltr'>filii</span> <span class='ocrx_word' id='word_1_210' title='bbox 760 1835 972 1884; x_wconf 88' lang='lat' dir='ltr'>sanguine:</span> <span class='ocrx_word' id='word_1_211' title='bbox 1009 1834 1096 1872; x_wconf 90' lang='lat' dir='ltr'>date</span> <span class='ocrx_word' id='word_1_212' title='bbox 1126 1835 1275 1884; x_wconf 89' lang='lat' dir='ltr'>parenti</span> <span class='ocrx_word' id='word_1_213' title='bbox 1305 1834 1407 1873; x_wconf 91' lang='lat' dir='ltr'>hunc</span> 
     </span>
     <span class='ocr_line' id='line_1_31' title="bbox 164 1898 1410 1949; baseline -0.002 -10"><span class='ocrx_word' id='word_1_214' title='bbox 164 1899 422 1939; x_wconf 88' lang='lat' dir='ltr'>incredibilem</span> <span class='ocrx_word' id='word_1_215' title='bbox 443 1899 616 1938; x_wconf 91' lang='lat' dir='ltr'>dolorem</span> <span class='ocrx_word' id='word_1_216' title='bbox 637 1911 685 1937; x_wconf 90' lang='lat' dir='ltr'>ex</span> <span class='ocrx_word' id='word_1_217' title='bbox 704 1898 836 1945; x_wconf 90' lang='lat' dir='ltr'>salute,</span> <span class='ocrx_word' id='word_1_218' title='bbox 857 1911 903 1937; x_wconf 86' lang='lat' dir='ltr'>ex</span> <span class='ocrx_word' id='word_1_219' title='bbox 923 1899 1079 1938; x_wconf 86' lang='lat' dir='ltr'>victoria</span> <span class='ocrx_word' id='word_1_220' title='bbox 1101 1899 1285 1938; x_wconf 89' lang='lat' dir='ltr'>liberum:</span> <span class='ocrx_word' id='word_1_221' title='bbox 1313 1900 1410 1949; x_wconf 89' lang='lat' dir='ltr'>pati-</span> 
     </span>
     <span class='ocr_line' id='line_1_32' title="bbox 166 1963 1409 2015; baseline 0 -13"><span class='ocrx_word' id='word_1_222' title='bbox 166 1964 259 2002; x_wconf 84' lang='lat' dir='ltr'>mini</span> <span class='ocrx_word' id='word_1_223' title='bbox 298 1971 470 2010; x_wconf 87' lang='lat' dir='ltr'>matrem,</span> <span class='ocrx_word' id='word_1_224' title='bbox 509 1977 557 2002; x_wconf 92' lang='lat' dir='ltr'>ne</span> <span class='ocrx_word' id='word_1_225' title='bbox 599 1965 733 2002; x_wconf 87' lang='lat' dir='ltr'>orbata</span> <span class='ocrx_word' id='word_1_226' title='bbox 774 1963 851 2002; x_wconf 83' lang='lat' dir='ltr'>filio</span> <span class='ocrx_word' id='word_1_227' title='bbox 897 1964 1068 2011; x_wconf 91' lang='lat' dir='ltr'>laetetur,</span> <span class='ocrx_word' id='word_1_228' title='bbox 1105 1965 1245 2003; x_wconf 90' lang='lat' dir='ltr'>victam</span> <span class='ocrx_word' id='word_1_229' title='bbox 1281 1965 1409 2015; x_wconf 87' lang='lat' dir='ltr'>potius</span> 
     </span>
     <span class='ocr_line' id='line_1_33' title="bbox 165 2028 1410 2079; baseline 0.001 -13"><span class='ocrx_word' id='word_1_230' title='bbox 165 2035 289 2067; x_wconf 82' lang='lat' dir='ltr'>vestra</span> <span class='ocrx_word' id='word_1_231' title='bbox 319 2030 507 2079; x_wconf 86' lang='lat' dir='ltr'>aequitate</span> <span class='ocrx_word' id='word_1_232' title='bbox 538 2029 744 2067; x_wconf 89' lang='lat' dir='ltr'>discedere.</span> <span class='ocrx_word' id='word_1_233' title='bbox 803 2028 869 2066; x_wconf 91' lang='lat' dir='ltr'>Sin</span> <span class='ocrx_word' id='word_1_234' title='bbox 903 2035 1043 2075; x_wconf 88' lang='lat' dir='ltr'>autem,</span> <span class='ocrx_word' id='word_1_235' title='bbox 1075 2030 1115 2068; x_wconf 93' lang='lat' dir='ltr'>id</span> <span class='ocrx_word' id='word_1_236' title='bbox 1147 2030 1254 2079; x_wconf 92' lang='lat' dir='ltr'>quod</span> <span class='ocrx_word' id='word_1_237' title='bbox 1286 2037 1410 2067; x_wconf 87' lang='lat' dir='ltr'>vestra</span> 
     </span>
     <span class='ocr_line' id='line_1_34' title="bbox 168 2094 1409 2144; baseline 0 -12"><span class='ocrx_word' id='word_1_238' title='bbox 168 2100 299 2133; x_wconf 81' lang='lat' dir='ltr'>natura</span> <span class='ocrx_word' id='word_1_239' title='bbox 330 2095 508 2144; x_wconf 88' lang='lat' dir='ltr'>postulat,</span> <span class='ocrx_word' id='word_1_240' title='bbox 544 2095 748 2144; x_wconf 90' lang='lat' dir='ltr'>pudorem,</span> <span class='ocrx_word' id='word_1_241' title='bbox 781 2094 1006 2142; x_wconf 87' lang='lat' dir='ltr'>bonitatem,</span> <span class='ocrx_word' id='word_1_242' title='bbox 1037 2096 1292 2144; x_wconf 90' lang='lat' dir='ltr'>virtutemque</span> <span class='ocrx_word' id='word_1_243' title='bbox 1326 2095 1409 2132; x_wconf 90' lang='lat' dir='ltr'>dili-</span> 
     </span>
    </p>
   </div>
   <div class='ocr_carea' id='block_1_6' title="bbox 1424 546 1442 577">
    <p class='ocr_par' dir='ltr' id='par_1_6' title="bbox 1424 546 1442 577">
     <span class='ocr_line' id='line_1_35' title="bbox 1424 546 1442 577; baseline 0 0"><span class='ocrx_word' id='word_1_244' title='bbox 1424 546 1442 577; x_wconf 91' lang='lat'>5</span> 
     </span>
    </p>
   </div>
   <div class='ocr_carea' id='block_1_7' title="bbox 1427 864 1474 894">
    <p class='ocr_par' dir='ltr' id='par_1_7' title="bbox 1427 864 1474 894">
     <span class='ocr_line' id='line_1_36' title="bbox 1427 864 1474 894; baseline -0.021 0"><span class='ocrx_word' id='word_1_245' title='bbox 1427 864 1474 894; x_wconf 76' lang='lat'>10&#39;</span> 
     </span>
    </p>
   </div>
   <div class='ocr_carea' id='block_1_8' title="bbox 1426 1524 1467 1546">
    <p class='ocr_par' dir='ltr' id='par_1_8' title="bbox 1426 1524 1467 1546">
     <span class='ocr_line' id='line_1_37' title="bbox 1426 1524 1467 1546; baseline 0 0"><span class='ocrx_word' id='word_1_246' title='bbox 1426 1524 1467 1546; x_wconf 90' lang='lat'>20</span> 
     </span>
    </p>
   </div>
   <div class='ocr_carea' id='block_1_9' title="bbox 1425 1851 1462 1882">
    <p class='ocr_par' dir='ltr' id='par_1_9' title="bbox 1425 1851 1462 1882">
     <span class='ocr_line' id='line_1_38' title="bbox 1425 1851 1462 1882; baseline 0 0"><span class='ocrx_word' id='word_1_247' title='bbox 1425 1851 1462 1882; x_wconf 88' lang='lat'>25</span> 
     </span>
    </p>
   </div>
   <div class='ocr_carea' id='block_1_10' title="bbox 169 2158 1464 2210">
    <p class='ocr_par' dir='ltr' id='par_1_10' title="bbox 169 2158 1464 2210">
     <span class='ocr_line' id='line_1_39' title="bbox 169 2158 1464 2210; baseline 0.002 -13"><span class='ocrx_word' id='word_1_248' title='bbox 169 2158 275 2208; x_wconf 83' lang='lat' dir='ltr'>gitis:</span> <span class='ocrx_word' id='word_1_249' title='bbox 302 2159 420 2198; x_wconf 83' lang='lat' dir='ltr'>levate</span> <span class='ocrx_word' id='word_1_250' title='bbox 447 2159 549 2197; x_wconf 92' lang='lat' dir='ltr'>hunc</span> <span class='ocrx_word' id='word_1_251' title='bbox 576 2159 781 2209; x_wconf 89' lang='lat' dir='ltr'>aliquando</span> <span class='ocrx_word' id='word_1_252' title='bbox 811 2160 1020 2210; x_wconf 91' lang='lat' dir='ltr'>supplicem</span> <span class='ocrx_word' id='word_1_253' title='bbox 1045 2166 1224 2206; x_wconf 90' lang='lat' dir='ltr'>vestrum,</span> <span class='ocrx_word' id='word_1_254' title='bbox 1251 2159 1406 2206; x_wconf 90' lang='lat' dir='ltr'>iudices,</span> <span class='ocrx_word' id='word_1_255' title='bbox 1421 2175 1464 2206; x_wconf 85' lang='lat'>30</span> 
     </span>
    </p>
   </div>
   <div class='ocr_carea' id='block_1_11' title="bbox 170 2224 1409 2341">
    <p class='ocr_par' dir='ltr' id='par_1_11' title="bbox 170 2224 1409 2341">
     <span class='ocr_line' id='line_1_40' title="bbox 170 2224 1409 2275; baseline 0.002 -13"><span class='ocrx_word' id='word_1_256' title='bbox 170 2229 225 2262; x_wconf 81' lang='lat' dir='ltr'>tot</span> <span class='ocrx_word' id='word_1_257' title='bbox 243 2234 367 2262; x_wconf 84' lang='lat' dir='ltr'>annos</span> <span class='ocrx_word' id='word_1_258' title='bbox 388 2224 428 2262; x_wconf 92' lang='lat' dir='ltr'>in</span> <span class='ocrx_word' id='word_1_259' title='bbox 451 2224 546 2263; x_wconf 86' lang='lat' dir='ltr'>falsa</span> <span class='ocrx_word' id='word_1_260' title='bbox 567 2224 708 2262; x_wconf 89' lang='lat' dir='ltr'>invidia</span> <span class='ocrx_word' id='word_1_261' title='bbox 727 2225 977 2275; x_wconf 90' lang='lat' dir='ltr'>periculisque</span> <span class='ocrx_word' id='word_1_262' title='bbox 996 2232 1198 2271; x_wconf 89' lang='lat' dir='ltr'>versatum,</span> <span class='ocrx_word' id='word_1_263' title='bbox 1220 2225 1286 2274; x_wconf 88' lang='lat' dir='ltr'>qui</span> <span class='ocrx_word' id='word_1_264' title='bbox 1305 2237 1409 2264; x_wconf 90' lang='lat' dir='ltr'>nunc</span> 
     </span>
     <span class='ocr_line' id='line_1_41' title="bbox 170 2289 1408 2341; baseline 0.002 -14"><span class='ocrx_word' id='word_1_265' title='bbox 170 2289 333 2340; x_wconf 87' lang='lat' dir='ltr'>primum</span> <span class='ocrx_word' id='word_1_266' title='bbox 357 2297 445 2340; x_wconf 89' lang='lat' dir='ltr'>post</span> <span class='ocrx_word' id='word_1_267' title='bbox 470 2289 572 2328; x_wconf 87' lang='lat' dir='ltr'>illam</span> <span class='ocrx_word' id='word_1_268' title='bbox 594 2289 802 2338; x_wconf 85' lang='lat' dir='ltr'>flammam,</span> <span class='ocrx_word' id='word_1_269' title='bbox 822 2290 982 2330; x_wconf 89' lang='lat' dir='ltr'>aliorum</span> <span class='ocrx_word' id='word_1_270' title='bbox 1007 2291 1110 2330; x_wconf 81' lang='lat' dir='ltr'>sacto</span> <span class='ocrx_word' id='word_1_271' title='bbox 1139 2298 1177 2330; x_wconf 90' lang='lat' dir='ltr'>et</span> <span class='ocrx_word' id='word_1_272' title='bbox 1204 2290 1408 2341; x_wconf 76' lang='lat' dir='ltr'>cupiditate</span> 
     </span>
    </p>
   </div>
  </div>
 </body>
</html>
