1650 2554
249 192 329 233 142
613 189 663 222 M.
696 190 853 222 TULLII
881 191 1133 223 CICERONIS
1256 214 1258 217 f
1280 203 1334 226 ec.
1356 196 1418 232 69,
1438 197 1498 228 ¹702

250 294 410 333 fortunis
444 295 682 343 arbitrantur,
712 296 781 334 sed
814 296 862 334 de
895 297 1012 335 totius
1046 298 1243 348 municipii
1277 305 1387 345 statu,
1417 299 1500 348 dig-

247 360 378 406 nitate,
418 361 712 410 commodisque
751 363 932 400 omnibus
971 364 1179 401 sententias
1219 376 1303 402 esse
1345 364 1500 402 laturos.

252 425 412 462 Summa
441 432 498 463 est
524 426 638 473 enirn,
659 426 815 473 iudices,
840 426 1008 466 hominis
1035 429 1075 465 in
1101 440 1350 466 communem
1377 429 1501 466 muni-

249 491 338 540 cipii
366 503 447 528 rem
475 491 680 540 diligentia,
706 492 746 528 in
770 493 943 542 singulos
972 494 1187 543 municipes
1215 495 1442 544 benignitas,
1461 493 1502 531 in

213 573 232 603 5
250 568 387 594 omnes
417 556 594 595 homines
628 557 768 595 iustitia
798 565 836 595 et
866 558 974 596 fides.
1032 559 1232 598 Praeterea
1265 559 1503 598 nobilitatem

249 621 352 659 illam
390 622 486 659 inter
524 634 624 668 suos,
664 623 869 672 locumque
907 636 930 661 a
976 624 1184 662 maioribus
1230 625 1410 663 traditum
1449 624 1503 662 sic

250 694 387 732 tuetur,
426 694 468 724 ut
505 688 694 725 maiorum
737 689 973 737 gravitatem,
1017 690 1284 735 constantiam,
1329 689 1502 739 gratiam,

212 778 214 780 v
250 752 514 790 liberalitatem
543 759 778 802 assequatur.
835 754 970 803 Itaque
999 754 1044 791 iis
1075 766 1164 791 eum
1195 754 1320 791 verbis
1352 754 1503 803 publice

250 817 420 862 laudant,
452 823 493 854 ut
526 829 607 855 non
642 818 767 855 solum
800 819 1063 856 testimonium
1097 831 1209 856 suum
1244 819 1504 869 iudiciumque

195 898 237 922 10
253 882 481 932 significent,
501 874 634 920 Verum
661 884 776 921 etiam
796 896 927 921 curam
947 885 1064 922 animi
1085 897 1130 922 ac
1150 885 1335 922 dolorem.
1391 883 1504 932 Quae

251 947 346 985 dum
379 947 546 985 laudatio
580 948 768 994 recitatur,
801 961 869 986 vos
900 961 1056 998 quaeso,
1088 949 1153 998 qui
1188 962 1274 987 eam
1308 950 1504 992 detulistis,

252 1013 451 1063 assurgite.
521 1013 742 1062 [LAUDAno
774 1013 979 1060 CLUENTH,
1018 1027 1065 1051 Ex
1104 1026 1355 1053 DECUR10NUM
1387 1014 1504 1052 LAR1-

252 1091 404 1117 NATJUM
446 1079 652 1127 DECRETO.]
725 1089 810 1127 197.
855 1079 916 1116 Ex
957 1079 1121 1117 lacrimis
1159 1079 1309 1126 horum,
1347 1079 1504 1126 iudices,

253 1144 471 1182 existimare
510 1144 683 1194 potestis,
723 1156 860 1182 omnes
899 1144 995 1182 haec
1029 1145 1255 1182 decuriones
1294 1145 1506 1183 decrevisse

201 1227 237 1258 15
255 1211 511 1249 lacrimantes.
582 1210 668 1259 Age
705 1222 806 1253 vero,
845 1211 1056 1248 vicinorum
1103 1218 1290 1260 quantum
1327 1211 1506 1257 studium,

255 1289 372 1326 quam
403 1275 633 1314 incredibilis
664 1276 942 1322 benevolentia,
974 1283 1118 1325 quanta
1154 1288 1244 1314 cura
1278 1277 1358 1314 est!
1414 1275 1506 1314 Non

255 1342 306 1379 illi
333 1342 372 1378 in
401 1341 536 1379 libellis
565 1341 827 1379 laudationem
852 1342 1043 1380 decretam
1070 1342 1265 1387 miserunt,
1289 1341 1358 1379 sed
1383 1341 1507 1379 homi·

258 1419 328 1444 nes
348 1406 651 1453 honestissimos,
673 1418 770 1456 quos
796 1418 1002 1444 nossemus
1026 1418 1174 1452 omneS,
1196 1406 1270 1444 huc
1289 1406 1507 1455 frequentes

255 1473 402 1518 adesse,
433 1479 472 1509 et
505 1471 609 1510 hunc
643 1479 864 1521 praesentes
897 1471 1052 1509 laudare
1086 1473 1296 1510 voluerunt.
1353 1471 1507 1509 Adsunt

200 1554 241 1576 20
257 1537 450 1583 Frentani,
480 1537 658 1574 homines
688 1537 926 1579 nobilissimi,
956 1536 1163 1575 Marrucini
1191 1538 1283 1574 item
1315 1537 1397 1587 pari
1425 1537 1506 1586 dig-

254 1603 396 1641 nitate:
438 1602 576 1640 Teano
606 1602 736 1651 Apulo
771 1609 884 1651 atque
917 1602 1079 1641 Luceria
1112 1603 1259 1652 equites
1290 1601 1504 1648 Romanos,

253 1668 548 1707 honestissimos
567 1667 756 1714 homines,
777 1667 995 1706 laudatores
1022 1668 1177 1705 videtis:
1206 1667 1379 1705 Boviano
1405 1672 1504 1704 toto-

255 1747 330 1784 que
360 1746 408 1771 ex
439 1733 598 1770 Samnio
628 1744 749 1782 quum
776 1733 1016 1770 laudationes
1045 1733 1338 1770 honestissimae
1366 1732 1505 1771 missae

253 1806 354 1845 sunt,
389 1805 471 1836 tum
505 1797 683 1835 homines
716 1797 941 1846 amplissimi
974 1797 1277 1847 nobilissimique
1309 1804 1504 1835 venerunt.

198 1882 238 1913 25
261 1867 346 1914 198.
376 1864 461 1902 Iam
488 1863 553 1913 qui
580 1863 618 1900 in
647 1875 742 1912 agro
772 1863 941 1901 Larinati
967 1863 1134 1913 praedia,
1157 1863 1223 1913 qui
1248 1864 1415 1913 negotia,
1439 1865 1506 1913 qui

255 1943 315 1968 res
335 1929 573 1980 pecuniarias
591 1928 744 1974 habent,
766 1928 918 1966 honesti
938 1928 1127 1974 homines,
1147 1935 1185 1966 et
1206 1941 1359 1966 summo
1380 1929 1504 1978 splen-

256 1997 350 2034 dore
378 1994 548 2045 praediti‚
570 1994 720 2032 difficile
744 1994 849 2031 dictu
871 2000 940 2039 est,
962 2005 1079 2042 quam
1108 1993 1183 2030 sint
1209 1993 1367 2040 solliciti,
1388 2005 1506 2043 quarn

256 2062 443 2100 laborent.
498 2059 591 2097 Non
617 2059 725 2096 multi
750 2058 842 2096 mihi
869 2058 918 2096 ab
944 2070 1023 2097 uno
1051 2058 1106 2096 sic
1133 2058 1237 2107 diligi
1260 2059 1446 2105 videntur,
1464 2065 1506 2097 ut

256 2128 318 2165 hic
338 2127 386 2164 ab
405 2126 464 2164 his
482 2125 677 2163 universis.

195 2198 257 2239 30⁶
313 2197 384 2232 70.
415 2191 544 2239 Quam
563 2203 644 2228 non
663 2191 799 2229 abesse
819 2192 868 2229 ab
887 2190 999 2228 huius
1018 2188 1158 2227 iudicio
1178 2188 1221 2226 L.
1239 2188 1506 2236 Volusienum,

258 2269 410 2296 summo
434 2256 637 2306 splendore
663 2256 862 2294 hominem
885 2267 930 2293 ac
949 2255 1082 2291 virtute
1107 2254 1323 2303 praeditum
1346 2254 1504 2293 vellem!

257 2323 389 2372 Quam
421 2323 557 2362 vellem
589 2327 831 2372 praesentem
864 2333 981 2372 posse
1014 2319 1056 2357 P.
1091 2318 1315 2358 Helvidium
1346 2318 1506 2366 Rufum,
