1650 2554
125 178 166 218 §3
187 173 328 216 54-61.
447 174 624 208 ORATIO
651 174 747 208 PRO
774 173 821 209 A.
853 174 1096 208 eLUENrm.
1318 167 1370 223 83

122 281 314 331 variosque
331 290 448 337 cqsus,
462 282 622 331 respicite
643 280 687 320 C.
702 279 880 319 Fabricii
892 284 1095 319 senectutem
1102 294 1122 326 ,·
1142 292 1262 331 quum
1282 280 1369 329 hoc,

120 344 312 395 Respt'ctJe,
329 343 524 384 oinandae
543 346 728 384 orationis
747 357 864 385 causa
884 358 999 396 saepe
1019 346 1187 393 dixisset,
1203 348 1370 396 respexit

120 411 224 461 ipse3
252 416 291 448 at
320 408 364 448 C.
385 410 582 448 Fabricius
611 423 635 448 a
660 411 859 456 subselliis,
880 411 1049 449 demisso
1069 411 1206 461 capite,
1228 412 1370 450 disces·

119 482 229 515 serat.
286 484 348 524 59.
378 474 457 514 Hic
486 475 630 515 iudices
657 476 800 514 ridere:
831 476 1063 514 stomachari
1093 483 1207 526 atque
1232 477 1369 515 acerbe

117 540 212 579 ferre
231 547 426 590 patronus,
448 552 604 578 causam
623 541 695 579 sibi
724 540 827 590 eripi,
849 547 886 579 et
906 553 947 579 se
967 548 1092 580 cetera
1111 542 1159 579 de
1186 541 1251 579 illo
1272 541 1370 587 loco,
1386 556 1404 589 5

116 604 297 655 Respicite
317 605 459 651 iudices,
481 616 561 642 non
581 617 697 655 posse
717 605 842 643 dicere
858 617 866 643 :
887 617 959 644 nec
979 605 1185 655 quicquam
1206 606 1366 656 propius

116 677 172 710 est
199 670 354 715 factum,
374 681 491 719 quam
509 675 551 706 ut
578 669 684 707 illum
704 676 1007 721 persequeretur,
1026 677 1065 708 et
1085 670 1186 708 collo
1213 672 1365 709 obtorto

115 735 164 774 ad
183 735 360 773 subsellia
379 734 588 780 reduceret,
606 741 648 772 ut
667 735 811 785 reliqua
825 742 957 785 posset
972 747 1163 786 perorare.
1211 736 1271 774 Ita
1285 743 1367 774 tum

114 800 321 846 Fabricius,
342 799 509 848 primum
529 810 600 836 suo
621 799 772 846 iudicio,
793 800 901 849 quod
925 807 981 838 est
999 801 1278 850 gravissimum,
1300 802 1367 840 de-

114 865 203 904 inde
222 865 316 914 legis
336 864 382 910 vi,
402 870 439 901 et
459 864 656 902 sententiis
677 863 845 903 iudicum
866 871 924 903 est
944 866 1234 905 condemnatus.
1383 882 1422 905 10

167 933 236 968 22.
266 928 372 975 Quid
410 934 478 974 est,
519 929 627 979 quod
661 929 738 967 iam
776 929 824 967 de
862 929 1069 980 Oppianici
1106 943 1222 970 causa
1254 931 1364 982 plura

114 993 311 1033 dicamus?
366 992 484 1042 Apud
512 993 671 1031 eosdem
699 993 844 1033 iudices
873 1006 960 1034 reus
994 1002 1052 1034 est
1081 995 1214 1043 factus,
1244 1009 1365 1047 quum

114 1060 173 1098 his
202 1059 352 1097 duobus
382 1058 622 1108 praeiudiciis
651 1059 728 1096 iam
759 1059 963 1099 damnatus
993 1067 1114 1099 esset:
1148 1062 1196 1099 ab
1225 1062 1363 1100 iisdem

114 1130 242 1162 autem
269 1123 468 1170 iudicibus,
489 1123 553 1174 qui
581 1123 843 1162 Fabriciorum
869 1124 1117 1164 damnatione
1137 1126 1186 1164 de
1216 1125 1364 1178 Oppia-

114 1188 202 1227 nico
221 1187 441 1234 iudicarant,
461 1188 569 1226 locus
589 1188 623 1226 ei
643 1189 788 1238 primus
808 1195 866 1227 est
885 1191 1115 1228 constitutus
1131 1203 1139 1228 :
1161 1198 1361 1230 accusatus
1379 1206 1416 1239 15

113 1261 172 1292 est
190 1253 408 1291 criminibus
429 1253 672 1303 gravissimis,
692 1259 730 1291 et
758 1254 815 1301 iis,
834 1266 935 1304 quae
955 1267 978 1293 a
1000 1268 1064 1293 me
1084 1257 1245 1295 breviter
1265 1257 1365 1295 dicta

115 1324 215 1364 sunt,
238 1324 276 1355 et
302 1325 497 1367 praeterea
524 1318 652 1356 multis
681 1330 779 1368 quae
808 1331 882 1369 ego
911 1321 1042 1358 omnia
1069 1333 1171 1359 nunc
1202 1323 1361 1360 omitto:

115 1389 314 1421 accusatus
334 1389 390 1420 est
418 1382 520 1432 apud
540 1394 619 1429 eos,
639 1383 705 1432 qui
735 1383 1025 1432 Scamandrum,
1045 1387 1259 1424 ministrum
1280 1387 1363 1438 Op-

114 1448 267 1498 pianici,
282 1447 508 1494 Fabricium,
526 1449 726 1487 conscium
745 1449 931 1497 maleficii,
948 1451 1261 1491 condemnarant.
1301 1454 1364 1492 60.

114 1512 263 1559 Utrum,
279 1525 347 1563 per
363 1512 456 1551 deos
475 1513 723 1552 immortales!
745 1515 868 1564 magis
887 1522 945 1554 est
964 1516 1191 1564 mirandum,
1209 1519 1315 1567 quod
1330 1519 1362 1557 is
1379 1535 1419 1558 20

113 1577 390 1616 condemnatus
418 1583 486 1624 est,
507 1590 556 1616 an
576 1578 681 1628 quod
699 1580 858 1618 omnino
878 1581 1113 1631 respondere
1134 1595 1248 1621 ausus
1276 1585 1360 1622 est?

114 1641 220 1688 Quid
238 1642 341 1680 enim
360 1642 409 1680 illi
429 1643 572 1681 iudices
593 1643 716 1681 facere
735 1646 970 1693 potuerunt?
999 1646 1063 1696 qui
1084 1647 1114 1684 si
1134 1647 1360 1687 innocentes

43 1716 52 1739 ἴ
112 1706 305 1746 Fabricios
334 1708 667 1755 condemnassent,
692 1715 822 1747 tamen
851 1710 890 1749 in
918 1710 1137 1760 Oppianico
1166 1713 1236 1751 sibi
1264 1725 1359 1752 con-

113 1779 222 1818 stare,
245 1779 283 1811 et
311 1772 568 1822 superioribus
596 1774 810 1812 consentire
838 1774 984 1814 iudiciis
1014 1776 1237 1816 debuerunt.
1293 1780 1358 1818 An

26 1863 49 1870 2
110 1849 201 1877 vero
219 1838 270 1877 illi
298 1850 364 1877 sua
383 1850 452 1888 per
470 1850 511 1876 se
538 1838 611 1888 ipsi
639 1839 776 1878 iudicia
804 1840 1073 1888 rescinderent,
1094 1854 1213 1893 quum
1242 1845 1356 1883 ceteri
1373 1861 1411 1894 25

112 1902 269 1949 soleant,
295 1903 335 1941 in
363 1902 582 1950 iudicando,
610 1915 660 1941 ne
688 1904 737 1942 ab
765 1904 926 1944 aliorum
954 1906 1101 1946 iudiciis
1127 1907 1354 1959 discrepent,

111 1967 335 2018 providere?
362 1975 399 2006 et
427 1968 488 2016 illi,
508 1969 573 2019 qui
592 1968 756 2007 Fabricii
785 1969 973 2018 libertum,
999 1972 1089 2021 quia
1116 1973 1287 2012 minister
1314 1975 1355 2013 in

110 2032 298 2071 maleficio
333 2032 475 2072 fuerat:
511 2040 728 2083 patronum,
757 2034 847 2084 quia
882 2037 1071 2083 conscius,
1100 2038 1357 2078 condemnas-

113 2102 216 2135 sent:
243 2097 368 2147 ipsum
392 2099 605 2149 principem
633 2105 747 2149 atque
775 2099 1021 2141 architectum
1050 2102 1201 2142 sceleris
1230 2105 1355 2144 absol-

112 2162 267 2199 verent?
295 2163 415 2212 etqui
444 2170 603 2210 ceter0S,
623 2164 726 2203 nullo
752 2166 984 2215 praeiudicio
1012 2167 1126 2215 facto,
1146 2175 1276 2207 tamen
1305 2182 1353 2208 ex
1367 2186 1410 2217 30

113 2225 196 2275 ipsa
215 2238 327 2265 causa
345 2228 690 2268 condemnassent:
710 2229 823 2278 hunc,
838 2243 954 2281 quem
972 2234 1031 2272 bis
1051 2235 1353 2273 condemnatum

114 2288 189 2328 iam
222 2298 455 2342 acceperant,
483 2293 710 2334 liberarent?
766 2297 828 2336 61.
857 2296 963 2336 Tum
990 2310 1080 2337 vero
1116 2298 1179 2338 illa
1215 2299 1354 2340 iudicia

724 2371 751 2399 o
781 2373 801 2399 2
