1650 2554
280 204 361 249 130
640 202 690 234 Μ.
724 200 882 234 TULLII
911 202 1161 235 CICERONIS
1317 212 1368 237 οο.
1389 206 1453 242 60,
1473 205 1530 238 61.

280 310 386 348 domi
406 316 464 348 est
482 316 668 348 mortuus.
720 313 729 330 ‘
743 310 796 348 At
813 310 925 348 heres
945 316 1002 348 est
1023 308 1245 348 Cluentius!
1301 309 1532 348 Intestatum

278 375 366 413 dico
386 387 470 413 esse
490 382 695 422 mortuum,
712 376 1079 425 possessionemque
1099 375 1181 413 eius
1199 375 1403 422 bonorum,
1419 387 1531 425 prae-

276 441 369 479 toris
399 441 538 487 edicto,
567 441 668 488 huic,
698 441 795 479 illius
826 441 968 479 sororis
995 440 1085 486 filio,
1116 441 1352 479 adolescenti
1380 441 1533 491 puden-

276 507 437 553 tissimo,
477 513 514 544 et
553 507 593 543 in
631 507 764 556 primis
801 507 976 553 honesto,
1011 507 1130 556 equiti
1168 506 1350 545 Romano
1389 507 1532 560 datam,
1576 495 1581 497 v

243 588 260 619 5
278 571 467 610 Numerio
488 571 680 618 Cluentio,
701 584 817 622 quem
837 572 982 610 videtis.

337 640 423 676 166.
454 638 627 676 Alterum
649 638 823 675 veneficii
844 638 999 683 crimen,
1021 637 1242 688 Oppianico
1267 639 1355 677 huic
1381 638 1534 676 adoles—

279 704 391 750 centi,
418 716 539 753 quum
565 703 646 741 eius
673 704 712 740 in
740 704 895 753 nuptiis,
923 715 1030 741 more
1058 704 1303 750 Larinatium,
1327 704 1533 742 multitudo

278 771 481 808 hominum
510 770 727 819 pranderet,
756 782 947 808 venenum
977 769 1111 808 Habiti
1143 770 1304 808 consilio
1335 775 1534 820 paratum3

277 835 316 873 id
354 847 475 885 quum
513 835 665 872 daretur
703 836 743 872 in
780 835 918 880 mulso,
953 834 1175 873 Balbutium
1213 835 1420 886 quendam,
1452 836 1534 874 eius

225 916 264 938 10
279 900 514 946 familiarem,
536 900 796 949 intercepisse,
816 901 968 946 bibisse,
990 901 1193 950 statimque
1214 913 1299 938 esse
1326 908 1534 938 mortuum.

279 966 371 1004 Hoc
409 978 485 1016 ego
524 966 554 1004 si
593 966 647 1003 sic
685 978 851 1015 agerem,
885 973 1084 1015 tamquam
1121 965 1215 1003 mihi
1253 966 1398 1004 crimen
1435 973 1536 1005 esset

279 1033 516 1078 diluendum,
555 1031 650 1069 haec
692 1031 864 1080 pluribus
905 1032 1030 1069 verbis
1071 1031 1251 1078 dicerem,
1289 1044 1388 1081 quae
1412 1044 1535 1070 ·nunc

279 1099 413 1149 paucis
433 1097 617 1147 percurrit
636 1097 758 1134 oratio
778 1109 877 1134 mea.
926 1098 1011 1145 167.
1034 1096 1139 1144 Quid
1159 1109 1345 1147 umquam
1366 1096 1535 1136 Habitus

279 1165 318 1201 in
339 1176 380 1202 se
400 1163 564 1209 admisit,
584 1169 626 1200 ut
646 1162 721 1200 hoc
741 1168 891 1199 tantum
912 1163 960 1199 ab
979 1174 1027 1199 eo
1048 1162 1196 1200 facinus
1221 1174 1302 1200 non
1329 1162 1534 1200 abhorrere

226 1246 263 1277 15
280 1229 475 1267 videatur?
510 1227 603 1277 quid
629 1235 757 1265 autem
784 1239 929 1276 magno
956 1239 1073 1277 opere
1100 1226 1362 1277 Oppianicum
1390 1234 1536 1266 metue—

280 1296 357 1337 bat.
378 1305 499 1343 quum
526 1293 586 1330 ille
613 1293 772 1330 verbum
799 1293 960 1331 omnino
989 1293 1029 1330 in
1057 1293 1131 1331 hac
1159 1293 1244 1342 ipsa
1269 1305 1386 1331 causa
1411 1293 1536 1332 facere

280 1360 427 1398 nullum
465 1359 653 1409 potuerit:
696 1358 785 1396 huic
824 1365 952 1396 autem
989 1365 1244 1405 accusatores,
1283 1366 1404 1397 matre
1441 1360 1537 1406 viva,

281 1427 416 1464 deesse
449 1436 531 1462 non
561 1425 750 1474 possent?
789 1424 894 1474 quod
925 1425 1002 1461 iam
1030 1424 1258 1473 intelligetis.
1325 1425 1389 1462 An
1417 1424 1459 1463 ut
1488 1426 1540 1464 de

281 1505 398 1531 causa
428 1492 508 1530 eius
546 1490 704 1541 periculi
741 1490 834 1528 nihil
868 1490 1081 1537 decederet,
1116 1491 1165 1528 ad
1203 1503 1359 1528 causam
1393 1503 1536 1530 novum

226 1576 266 1598 20
282 1558 427 1597 crimen
455 1556 682 1594 accederet?
746 1554 866 1602 Quod
900 1562 1030 1593 autem
1063 1562 1217 1606 tempus
1250 1556 1387 1593 veneni
1419 1556 1536 1595 dandi

279 1624 343 1662 illo
378 1623 464 1660 die?
507 1622 547 1659 in
584 1621 648 1658 illa
684 1620 923 1670 frequentia?
969 1633 1036 1670 per
1069 1633 1186 1670 quem
1223 1633 1340 1670 porro
1378 1621 1536 1660 datum?

279 1689 383 1727 unde
403 1687 626 1736 sumptum?
656 1698 755 1735 quae
776 1686 913 1723 deinde
933 1686 1158 1735 interceptio
1184 1686 1339 1735 poculi?
1367 1697 1436 1723 cur
1454 1698 1535 1724 non

280 1755 328 1792 de
348 1754 499 1801 integro
519 1758 648 1789 autem
669 1751 828 1789 datum?
877 1750 1002 1788 Multa
1022 1758 1120 1797 sunt,
1142 1763 1241 1800 quae
1257 1751 1331 1788 dici
1350 1759 1534 1800 possunt:

280 1819 349 1857 sed
368 1830 449 1856 non
463 1817 716 1862 committam,
731 1822 773 1853 ut
788 1816 916 1853 videar
935 1827 1015 1853 non
1031 1816 1196 1854 dicendo
1211 1816 1376 1854 voluisse
1396 1817 1534 1856 dicere.

225 1903 263 1933 25
282 1885 363 1922 Res
382 1884 486 1922 enirn
505 1882 582 1919 iam
603 1894 643 1919 se
663 1882 747 1931 ipsa
767 1880 947 1920 defendit.
999 1882 1086 1919 168.
1111 1880 1238 1931 Nego,
1258 1881 1365 1919 illum
1385 1883 1535 1921 adoles-

280 1956 444 1994 centem,
465 1960 581 1996 quem
602 1947 730 1985 statim
749 1954 867 1996 epoto
890 1947 1032 1996 poculo
1055 1954 1250 1984 mortuum
1270 1958 1355 1985 esse
1376 1947 1533 1996 dixistis,

280 2015 441 2055 omnino
470 2013 534 2051 illo
564 2013 624 2050 die
658 2025 743 2050 esse
778 2019 983 2050 mortuum.
1040 2011 1231 2061 Magnum
1263 2018 1300 2050 et
1330 2012 1534 2062 impudens

278 2079 547 2119 mendaciuml
611 2078 820 2128 Perspicite
852 2085 988 2115 cetera.
1048 2076 1148 2114 Dico
1181 2077 1298 2124 illum,
1330 2089 1451 2127 quum
1484 2079 1534 2118 ad

279 2147 372 2186 illud
399 2145 603 2196 prandium
632 2144 785 2181 crudior
812 2143 987 2189 venisset,
1008 2149 1055 2188 et,
1074 2149 1116 2179 ut
1141 2148 1245 2181 aetas
1271 2143 1334 2181 illa
1358 2142 1441 2190 fert,
1460 2144 1534 2184 sibi

223 2230 267 2260 30
281 2221 411 2251 tamen
429 2222 510 2248 non
533 2209 781 2259 pepercisset,
801 2208 947 2257 aliquot
966 2199 1047 2246 dies
1067 2214 1300 2257 aegrotasse,
1319 2214 1358 2246 et
1378 2209 1428 2246 ita
1447 2221 1532 2248 esse

280 2283 485 2316 mortuum.
535 2275 634 2321 Quis
653 2274 743 2312 huic
762 2275 816 2311 rei
836 2274 942 2312 testis
961 2274 1044 2311 est?
1091 2272 1212 2319 Idem,
1232 2274 1298 2323 qui
1316 2274 1377 2311 sui
1396 2274 1532 2322 luctus,

279 2350 406 2395 pater:
441 2348 559 2392 pater,
587 2341 756 2391 inquam,
786 2339 883 2379 illius
913 2339 1188 2378 adolescentis:
1219 2350 1347 2390 quem,
1376 2346 1533 2390 propter
