1650 2554
1375 0 1650 106 ἡ

263 174 320 228 64
624 186 676 219 M.
709 185 868 218 TULLII
895 186 1149 217 CICERONIS
1344 185 1515 219 emb—8.

267 302 393 340 neque
430 303 614 341 umquam
653 292 716 329 illa
752 292 805 330 ita
841 291 889 330 de
929 303 1002 330 suo
1037 291 1179 330 scelere
1210 298 1247 330 et
1279 291 1520 329 immanitate

266 356 406 404 audiet,
426 363 466 394 ut
485 364 642 395 naturae
661 369 808 395 nomen
828 357 995 395 amittat:
1036 369 1115 408 quo
1158 357 1263 395 enim
1292 362 1350 395 est
1386 357 1516 406 ipsum

267 432 412 459 nomen
451 423 640 460 amantius
672 422 1008 472 indulgentiusque
1045 428 1272 468 matemum‚
1305 421 1381 460 hoc
1417 421 1517 459 illius

266 487 409 533 matris,
440 500 538 537 quae
567 487 708 526 multos
736 488 813 526 iam
842 500 977 534 annos,
1006 495 1043 526 et
1071 500 1174 526 nunc
1204 499 1323 537 quum
1348 487 1518 525 maxime

232 566 250 598 5
267 551 386 589 filium
424 552 664 591 interfectum
701 553 816 603 cupit,
852 553 1041 602 singulare
1079 552 1216 599 scelus,
1246 552 1392 590 maiore
1426 552 1518 590 odio

268 617 429 667 dignum
473 630 558 656 esse
603 619 851 657 ducetis—ea
888 618 1008 667 igitur,
1037 623 1160 655 mater
1198 617 1344 663 Habiti,
1383 616 1519 655 Melini

267 682 364 720 illius
383 683 648 730 adolescentis,
669 683 801 733 generi
822 684 892 730 sui,
913 689 1047 721 contra
1067 695 1183 733 quam
1202 682 1259 722 fas
1279 689 1370 729 erat,
1386 694 1518 720 amore

266 754 390 797 capta,
409 749 548 798 primo,
569 761 694 799 neque
720 748 759 786 id
784 749 912 799 ipsum
933 748 1008 795 diu,
1029 759 1187 798 quoquo
1211 748 1330 786 modo
1354 753 1517 798 poterat,

267 814 308 851 in
326 814 388 851 illa
407 814 613 864 cupiditate
637 815 925 852 continebatur:
955 814 1094 852 deinde
1122 813 1175 851 ita
1202 813 1361 862 flagrare
1390 813 1520 863 coepit

216 894 254 916 10
269 879 447 925 amentia,
468 879 522 917 sic
541 879 779 918 inflammata
798 879 886 917 ferri
905 879 1075 925 libidine,
1096 886 1138 917 ut
1164 891 1250 917 eam
1275 891 1356 917 non
1381 878 1518 928 pudor,

268 955 350 982 non
391 944 583 994 pudicitia,
621 956 703 982 non
746 945 878 994 pietas,
917 956 998 982 non
1034 944 1186 982 macula
1223 944 1399 991 familiae,
1437 955 1519 982 non

269 1009 470 1047 hominum
490 1010 603 1056 fama,
624 1022 705 1048 non
724 1010 789 1047 filii
815 1009 937 1056 dolor,
957 1021 1039 1048 non
1065 1009 1163 1047 filiae
1189 1021 1341 1047 maeror
1364 1021 1388 1047 a
1414 1009 1519 1059 cupi-

270 1074 386 1112 ditate
427 1080 633 1113 revocaret.
713 1087 772 1123 13.
811 1074 998 1112 Animum
1039 1074 1306 1120 adolescentis,
1343 1074 1519 1112 nondum

270 1140 431 1178 consilio
460 1152 506 1178 ac
532 1140 677 1178 ratione
703 1140 907 1187 firmatum,
931 1140 1085 1190 pellexit
1112 1139 1158 1178 iis
1186 1140 1366 1178 omnibus
1393 1141 1518 1186 rebus,

218 1223 254 1255 15
272 1207 410 1256 quibus
429 1206 492 1244 illa
509 1213 614 1244 aetas
634 1207 720 1257 capi
739 1219 784 1244 ac
811 1206 967 1245 deleniri
992 1212 1130 1256 potest.
1187 1205 1292 1252 Filia,
1312 1217 1412 1255 quae
1437 1217 1519 1244 non

271 1272 397 1311 solum
433 1272 496 1310 illo
535 1272 734 1310 communi
770 1271 904 1310 dolore
941 1271 1114 1309 muliebri
1150 1270 1190 1308 in
1227 1270 1415 1308 eiusmodi
1451 1270 1520 1308 viri

269 1339 413 1377 iniuriis
446 1345 656 1388 angeretur,
690 1338 760 1376 sed
792 1338 979 1375 nefarium
1009 1336 1139 1374 matris
1171 1335 1389 1386 pellicatum
1421 1335 1520 1374 ferre

271 1417 352 1443 non
371 1411 515 1454 posset,
536 1404 584 1442 de
603 1415 681 1454 quo
700 1416 749 1441 ne
769 1403 877 1453 queri
897 1402 1053 1453 quidem
1073 1403 1155 1440 sine
1175 1401 1317 1440 scelere
1337 1413 1377 1439 se
1403 1413 1520 1451 posse

271 1472 522 1517 arbitraretur,
542 1477 688 1508 ceteros
715 1470 772 1507 sui
797 1470 891 1507 tanti
916 1469 1006 1507 mali
1031 1469 1185 1518 ignaros
1211 1479 1296 1506 esse
1320 1468 1518 1518 cupiebat:

217 1552 258 1573 20
272 1537 311 1574 in
329 1535 442 1574 huius
467 1536 716 1573 amantissimi
741 1535 798 1573 sui
823 1534 948 1573 fratris
973 1534 1151 1571 manibus
1176 1538 1213 1570 et
1236 1533 1395 1582 gremio,
1414 1545 1520 1571 mae-

271 1614 356 1640 rore
376 1608 414 1640 et
432 1601 595 1639 lacrimis
615 1601 931 1639 consenescebat.
993 1612 1050 1647 14.
1081 1599 1184 1636 Ecce
1204 1603 1332 1636 autem
1352 1599 1519 1637 subitum

270 1668 493 1713 divortium;
536 1666 642 1716 quod
671 1665 847 1703 solatium
880 1664 1069 1703 malorum
1097 1663 1271 1701 omnium
1304 1662 1386 1701 fore
1414 1663 1518 1702 vide-

270 1733 391 1771 batur.
447 1731 621 1770 Discedit
645 1743 668 1768 a
687 1729 834 1768 Melino
854 1729 1051 1777 Cluentia3
1084 1735 1127 1767 ut
1154 1728 1194 1766 in
1221 1727 1334 1766 tantis
1362 1728 1517 1776 iniuriis,

269 1810 349 1836 non
368 1797 504 1835 invita:
533 1804 575 1835 ut
595 1808 618 1834 a
636 1796 728 1841 viro,
749 1807 829 1833 non
848 1795 1018 1833 libenter.
1077 1794 1295 1837 Tumvero
1322 1793 1384 1832 illa
1410 1807 1517 1844 egre-

216 1879 254 1911 25
270 1863 334 1912 gia
366 1869 403 1900 et
435 1862 632 1911 praeclara
664 1867 786 1899 mater
818 1860 946 1910 palam
979 1860 1349 1908 exsultarenlaetitia,
1378 1871 1423 1898 ac
1454 1859 1518 1897 tri-

271 1928 455 1978 umphare
475 1927 616 1977 gaudio
636 1927 773 1976 coepit,
789 1926 919 1964 victrix
935 1926 1044 1971 filiae,
1060 1937 1141 1963 non
1159 1925 1336 1964 libidinis.
1383 1925 1518 1974 Itaque

274 1993 413 2031 diutius
443 1992 722 2042 suspicionibus
748 1992 921 2030 obscuris
946 1990 1045 2029 laedi
1069 1990 1212 2028 famam
1237 2003 1346 2029 suam
1374 1989 1517 2028 noluit:

270 2059 411 2097 lectum
444 2057 549 2096 illum
586 2057 786 2108 genialem,
820 2069 936 2107 quem
973 2056 1129 2095 biennio
1166 2062 1254 2094 ante
1290 2055 1388 2093 filiae
1425 2067 1518 2093 suae

272 2124 430 2163 nubenti
458 2129 649 2170 straverat,
678 2123 718 2161 in
747 2123 883 2161 eadem
912 2123 1030 2161 domo
1064 2122 1135 2159 sibi
1167 2122 1294 2160 ornari
1323 2126 1361 2159 et
1389 2120 1517 2166 sterni,

214 2207 257 2238 30
272 2190 432 2240 expulsa
451 2195 565 2239 atque
586 2189 784 2226 exturbata
803 2188 888 2234 filia,
908 2187 1023 2225 iubet.
1070 2186 1189 2224 Nubit
1208 2197 1352 2235 genero
1372 2197 1516 2231 socrus,

271 2257 383 2295 nullis
429 2255 660 2306 auspicibus,
697 2253 808 2292 nullis
854 2253 1084 2301 auctoribus,
1121 2251 1283 2291 funestis
1324 2251 1518 2290 ominibus

271 2333 457 2360 omnium.
