1650 2554
204 130 227 175 7
232 119 259 161 6
572 129 624 164 M.
660 130 819 162 TULLII
849 131 1097 163 CICERONIS
1235 142 1290 165 eo.
1307 134 1455 165 14-16,

201 241 305 273 erat:
346 233 414 274 sed
443 241 573 273 tamen
602 242 683 274 erat
716 236 893 275 vitricus:
932 236 1097 275 crudelis
1130 241 1168 274 et
1195 234 1284 275 huic
1318 236 1460 275 infesta

202 307 347 339 mater:
378 307 549 339 attamen
569 308 701 339 mater.
759 301 963 340 Postremo
984 301 1077 339 nihil
1095 308 1175 339 tam
1197 309 1390 340 remotum
1409 301 1459 339 ab

201 366 459 412 accusatione,
489 378 607 416 quam
637 366 847 411 Cluentius,
879 373 916 405 et
944 374 1090 413 natura,
1120 373 1158 405 et
1189 367 1394 413 voluntate,
1420 371 1459 405 et

201 433 372 470 instituta
391 432 539 469 ratione
560 432 667 470 vitae.
719 432 796 470 Sed
817 445 937 483 quum
953 439 1054 471 esset
1073 432 1169 470 haec
1188 432 1238 470 illi
1258 432 1459 483 proposita

165 515 184 546 5
201 497 382 543 conditio,
412 503 453 534 ut
476 503 542 534 aut
568 497 666 535 iuste
691 498 831 547 pieque
856 504 1062 544 accusaret,
1090 503 1155 535 aut
1174 499 1310 536 acerbe
1333 498 1458 547 indig-

200 575 327 614 neque
355 569 590 609 moreretur;
625 574 819 609 accusare,
845 575 1005 613 quoquo
1029 563 1150 601 modo
1173 569 1316 613 posset,
1340 574 1458 614 quam

199 629 264 667 illo
284 627 404 665 modo
425 627 559 673 emori,
580 628 722 665 maluit.

257 706 318 742 43.
350 693 491 743 Atque,
507 698 548 730 ut
566 692 662 731 haec
677 693 729 731 ita
744 706 830 732 esse
849 695 1066 744 perspicere
1082 694 1248 746 possitis,
1264 707 1458 745 exponam

197 759 308 797 vobis
332 757 541 807 Oppianici
569 757 720 796 facinus
747 759 952 797 manifesto
978 766 1220 810 compertum
1248 766 1363 810 atque
1392 760 1458 798 de-

146 840 185 862 ¹0
200 823 459 874 prehensum:
490 834 538 860 ex
558 834 637 872 quo
658 823 771 861 simul
791 830 1008 873 utrumque,
1037 831 1074 862 et
1098 824 1186 863 huic
1206 837 1400 872 accusare,
1421 830 1460 863 et

200 889 252 927 illi
270 887 535 934 condemnari,
555 899 714 925 necesse
736 888 852 926 fuisse
873 889 1102 938 intelligetis.

252 957 318 992 15.
375 952 571 990 Martiales
605 953 763 1002 quidam
796 954 927 992 Larini
961 955 1264 1005 appellabantur,
1295 955 1458 994 ministri

199 1019 343 1069 publici
373 1017 521 1064 Martis,
543 1024 658 1068 atque
684 1019 719 1056 ei
741 1019 816 1056 deo
839 1019 1031 1058 veteribus
1057 1020 1237 1058 institutis
1263 1020 1458 1070 religioni-

198 1084 349 1133 busque
377 1082 615 1121 Larinatium
642 1084 876 1122 consecrati:
906 1096 1072 1134 quorum
1096 1096 1217 1134 quum
1238 1085 1328 1123 satis
1348 1097 1458 1134 mag-

145 1164 181 1196 15
199 1161 272 1186 nus
292 1161 476 1187 numerus
503 1154 615 1195 esset,
643 1161 841 1199 quumque
867 1149 971 1195 item,
995 1156 1038 1188 ut
1061 1150 1101 1187 in
1129 1149 1255 1188 Sicilia
1280 1150 1458 1200 permulti

198 1213 365 1252 Venerei
389 1219 488 1259 sunt,
510 1214 565 1251 sic
589 1213 640 1250 illi
660 1213 790 1251 Larini
816 1214 856 1252 in
883 1214 1020 1252 Martis
1050 1214 1192 1252 familia
1211 1227 1458 1253 numeraren-

197 1286 258 1317 tur
275 1293 283 1316 ι
315 1287 474 1329 repente
495 1278 744 1328 Oppianicus,
766 1292 835 1318 eos
853 1291 990 1318 ornnes
1010 1279 1150 1318 liberos
1175 1293 1260 1318 esse
1280 1281 1458 1331 civesque

198 1344 414 1390 Romanos,
437 1346 566 1395 coepit
586 1344 803 1384 defendere.
864 1345 1037 1384 Graviter
1049 1347 1090 1384 id
1109 1346 1338 1385 decuriones
1351 1346 1458 1385 Lari-

197 1411 344 1448 natium
368 1411 574 1460 cunctique
600 1410 815 1462 municipes
839 1410 1017 1449 tulerunt.
1075 1410 1208 1461 Itaque
1235 1412 1284 1449 ab
1310 1411 1457 1450 Habito

141 1492 182 1514 20
195 1476 422 1525 petiverunt,
450 1483 492 1513 ut
520 1488 607 1514 eam
639 1488 796 1515 causam
823 1477 1035 1526 susciperet
1062 1477 1293 1527 publiceque
1326 1477 1457 1516 defen-

201 1541 315 1579 deret.
378 1540 548 1579 Habitus
585 1555 706 1592 quum
745 1554 786 1580 se
824 1542 873 1579 ab
918 1542 1025 1580 omni
1063 1543 1254 1580 eiusmodi
1297 1543 1458 1593 negotio

196 1605 433 1652 removisset,
461 1612 593 1644 tamen
622 1619 694 1656 pro
723 1606 823 1652 loco,
853 1617 926 1656 pro
956 1607 1179 1656 antiquitate
1206 1608 1359 1656 generis
1386 1609 1456 1654 sui,

195 1683 268 1721 pro
299 1681 359 1716 e0,
386 1671 494 1720 quod
524 1683 565 1708 se
595 1683 677 1709 non
707 1672 786 1709 suis
820 1671 947 1709 solum
977 1672 1205 1718 commodis,
1242 1672 1310 1710 sed
1341 1674 1457 1711 etiam

196 1747 356 1774 suorum
388 1736 629 1784 municipum
660 1742 954 1785 ceterorumque
985 1737 1292 1774 necessariorum
1322 1744 1457 1775 natum

141 1816 180 1848 ²5
197 1813 282 1838 esse
303 1801 566 1846 arbitrabatur,
587 1807 715 1839 tantae
731 1800 917 1838 voluntati
932 1801 1198 1839 universorum
1218 1802 1457 1841 Larinatium

197 1865 332 1903 deesse
368 1865 501 1903 noluit.
561 1878 622 1912 44.
658 1865 845 1915 Suscepta
883 1877 999 1903 causa
1037 1865 1284 1917 Romamque
1318 1868 1455 1915 delata,

193 1942 359 1979 magnae
390 1930 561 1980 quotidie
591 1931 862 1968 contentiones
895 1930 992 1968 inter
1022 1929 1211 1968 Habitum
1240 1937 1278 1969 et
1307 1931 1456 1982 Oppia-

196 1995 327 2033 nicum
347 2007 394 2032 ex
415 1995 610 2044 utriusque
632 1996 758 2033 studio
779 1995 1014 2034 defensionis
1040 1996 1314 2035 excitabantur.
1362 1997 1456 2036 Erat

196 2060 281 2110 ipse
310 2060 470 2097 immani
499 2061 714 2109 acerbaque
744 2066 880 2097 natura
911 2058 1160 2109 Oppianicus.
1218 2060 1458 2101 Incendebat

139 2140 181 2171 30
198 2125 279 2162 eius
309 2124 518 2162 amentiam
547 2124 684 2162 infesta
713 2131 827 2174 atque
857 2125 1012 2162 inimica
1045 2125 1123 2163 filio
1153 2132 1276 2163 mater
1309 2125 1454 2165 Habiti.

196 2189 334 2238 Magni
355 2196 483 2227 autem
504 2189 554 2226 illi
575 2202 644 2227 sua
663 2191 847 2228 interesse
864 2190 1152 2237 arbitrabantur,
1173 2190 1275 2229 hunc
1295 2203 1318 2229 a
1337 2203 1455 2231 causa

195 2253 430 2292 Martialium
460 2254 676 2293 demovere.
736 2254 897 2293 Suberat
926 2255 1043 2293 etiam
1072 2255 1145 2293 alia
1174 2267 1290 2295 causa
1317 2256 1451 2304 maior,
