1650 2554
170 210 210 247 ξς
233 214 413 248 ι39-ι43.
475 202 652 236 ORATIO
680 203 776 234 PRO
803 200 851 233 A.
883 200 1126 234 CLUENTIO.
1339 204 1417 246 119

170 313 371 352 Tiburtem
401 312 564 350 fundum
591 311 829 362 requirebat:
859 309 1020 348 Brutum
1049 316 1187 355 autem,
1217 307 1416 346 hominem

171 379 395 428 sapientem,
425 377 530 427 quod
558 376 623 414 filii
651 375 860 425 nequitiam
887 375 1041 421 videret,
1070 386 1169 424 quae
1196 372 1354 423 praedia
1382 373 1416 410 ei

170 443 412 492 relinqueret,
448 440 638 479 testificari
673 440 823 477 dicebat
857 439 1032 477 voluisse.
1105 437 1220 485 Quod
1246 438 1278 476 si
1306 444 1417 487 potu-

170 509 262 547 isset
289 507 453 545 honeste
479 506 657 550 scribere,
683 516 724 542 se
749 504 790 541 in
817 503 965 541 balneis
994 515 1083 542 cum
1110 501 1155 555 id
1178 503 1312 549 aetatis
1340 502 1417 540 filio

170 573 299 618 fuisse,
320 583 400 609 non
420 570 680 620 praeterisset:
709 581 775 607 eas
795 580 835 606 se
854 575 984 606 tamen
1010 568 1059 606 ab
1086 579 1132 605 eo
1159 549 1314 605 balneas
1337 579 1418 604 non
1434 582 1450 614 5

170 650 218 676 ex
251 636 353 674 libris
386 635 515 685 patris,
546 634 615 672 sed
652 646 699 672 ex
736 632 874 671 tabulis
907 639 945 670 et
980 644 1026 670 ex
1065 643 1184 670 censu
1222 643 1415 681 quaerere.

171 701 334 740 Crassus
366 707 447 738 tum
480 701 532 737 ita
564 699 724 737 Brutum
754 699 854 737 ultus
885 704 952 743 est,
983 703 1025 734 ut
1054 697 1158 734 illum
1189 697 1417 734 recitationis

172 778 264 805 suae
286 766 509 816 poeniteret.
568 763 734 802 Moleste
758 763 862 801 enim
888 762 1047 800 sortasse
1070 761 1213 807 tulerat,
1235 773 1276 799 se
1304 762 1344 798 in
1373 762 1418 799 iis

171 831 406 870 orationibus
435 828 718 878 reprehensum,
749 840 843 878 quas
875 827 922 865 de
950 839 990 864 re
1020 826 1173 876 publica
1200 825 1416 864 habuisset:

172 897 212 934 in
233 896 369 946 quibus
389 894 547 932 forsitan
566 894 691 942 magis
710 893 919 943 requiratur
939 891 1161 930 constantia.
1224 902 1309 937 142.
1329 890 1416 941 Ego
1436 908 1475 930 10

172 968 300 999 autem
323 960 385 997 illa
408 959 562 997 recitata
587 970 671 997 esse
699 970 781 996 non
809 958 970 995 moleste
998 956 1090 994 fero.
1149 955 1286 1006 Neque
1315 957 1418 994 enim

173 1026 222 1064 ab
241 1025 303 1063 illo
322 1031 506 1074 tempore,
527 1023 633 1073 quod
657 1029 738 1060 tum
763 1029 852 1068 erat,
874 1034 1000 1071 neque
1028 1022 1077 1059 ab
1104 1033 1150 1059 ea
1172 1033 1299 1068 causa,
1319 1032 1418 1071 quae

171 1097 252 1128 turn
290 1090 483 1139 agebatur,
522 1089 644 1126 aliena
680 1087 853 1126 fuerunt:
901 1099 1027 1136 neque
1073 1085 1165 1124 mihi
1213 1086 1419 1136 quicquam

173 1154 300 1194 oneris
323 1154 486 1203 suscepi,
507 1164 625 1203 quum
654 1153 726 1191 ista
755 1152 845 1198 dixi,
866 1163 944 1202 quo
973 1152 1102 1189 minus
1129 1150 1292 1189 honeste
1319 1149 1418 1190 hanc

175 1230 330 1258 causam
348 1225 388 1255 et
405 1218 520 1256 libere
540 1229 698 1267 possem
717 1217 935 1256 defendere.
991 1215 1110 1263 Quod
1133 1216 1165 1254 si
1186 1216 1298 1254 velim
1324 1229 1416 1254 con·
1437 1232 1471 1264 15

175 1284 282 1329 fiteri,
301 1295 364 1320 me
385 1294 540 1320 causam
559 1282 605 1319 A.
627 1282 791 1320 Cluentii
815 1294 918 1319 nunc
945 1292 1146 1330 cognosse,
1167 1287 1279 1318 antea
1303 1281 1419 1318 fuisse

174 1349 214 1386 in
233 1347 295 1385 illa
313 1347 497 1397 opinione
517 1346 716 1396 populari:
742 1346 826 1396 quis
845 1345 1000 1383 tandem
1021 1344 1060 1382 id
1078 1345 1198 1394 possit
1217 1343 1418 1394 reprehen-

176 1413 290 1452 dere?
315 1412 549 1462 praesertim,
570 1411 724 1456 iudices,
749 1423 867 1460 quum
887 1423 910 1448 a
929 1411 1037 1448 vobis
1058 1421 1214 1460 quoque
1234 1410 1325 1459 ipsis
1345 1410 1418 1448 hoc

176 1477 366 1527 impetrari
388 1476 435 1514 sit
454 1475 739 1525 aequissimum,
760 1475 865 1524 quod
892 1486 966 1525 ego
985 1480 1023 1512 et
1044 1475 1094 1512 ab
1113 1475 1219 1512 initio
1239 1474 1362 1526 petivi,
1383 1480 1420 1512 et

176 1553 278 1580 nune
311 1548 412 1590 peto,
442 1546 494 1586 ut,
524 1540 555 1577 si
589 1551 705 1589 quam
742 1539 816 1577 huc
855 1539 1068 1588 graviorem
1101 1539 1150 1577 de
1183 1539 1247 1576 illo
1279 1539 1418 1577 iudicio
1435 1555 1474 1576 20

176 1606 400 1656 opinionem
433 1604 616 1650 attulistis,
647 1603 756 1650 hanc,
788 1615 904 1642 causa
933 1609 1134 1654 perspecta
1166 1611 1280 1654 atque
1312 1603 1418 1642 omni

176 1670 328 1708 veritate
348 1669 512 1719 cognita,
533 1668 744 1718 deponatis.

230 1739 301 1773 52.
345 1747 430 1782 143.
461 1732 586 1779 Nunc,
607 1733 792 1783 quoniam
815 1732 864 1770 ad
889 1733 1033 1779 omnia,
1055 1745 1153 1783 quae
1173 1734 1242 1771 abs
1262 1739 1299 1771 te
1320 1733 1420 1771 dicta

177 1805 275 1845 sunt,
302 1798 350 1836 T.
378 1798 467 1844 Atti,
494 1798 542 1836 de
569 1797 776 1847 Oppianici
806 1797 1054 1836 damnatione
1083 1798 1266 1847 respondi
1281 1811 1291 1845 3
1326 1809 1417 1835 con-

177 1863 304 1902 fiteare
327 1875 485 1901 necesse
508 1869 576 1909 est,
596 1869 632 1900 te
661 1862 885 1911 opinionem
913 1862 1074 1900 multum
1103 1862 1290 1909 fefellisse,
1312 1862 1418 1912 quod
1437 1878 1473 1909 25

177 1929 411 1974 existimaris,
440 1939 503 1965 me
535 1939 691 1966 causam
719 1926 766 1964 A.
797 1926 961 1965 Cluentii
989 1939 1070 1965 non
1098 1927 1200 1966 facto
1229 1929 1321 1974 eius,
1353 1927 1420 1966 sed

177 1993 262 2043 lege
299 1992 552 2032 defensurum.
620 1991 724 2029 Nam
762 1991 836 2029 hoc
873 2003 1059 2042 persaepe
1091 1992 1228 2038 dixisti,
1262 1993 1330 2030 tibi
1367 1994 1421 2031 sic

178 2058 393 2104 renuntiari,
422 2069 484 2095 me
514 2057 654 2095 habere
685 2057 723 2094 in
754 2057 884 2094 animo
912 2068 1068 2095 causam
1098 2057 1199 2095 hanc
1230 2058 1421 2108 praesidio

179 2121 274 2171 legis
306 2120 520 2160 defendere.
576 2121 685 2160 Itane
713 2122 796 2159 est?
834 2121 883 2158 ab
912 2122 1043 2160 amicis
1071 2122 1245 2161 videlicet
1277 2123 1421 2172 impru-

181 2185 313 2225 dentes
337 2186 559 2235 prodimur?
588 2193 626 2224 et
650 2192 709 2224 est
733 2186 865 2224 nescio
892 2186 976 2235 quis
1005 2186 1053 2224 de
1079 2187 1134 2233 iis,
1156 2199 1254 2237 quos
1275 2187 1420 2225 amicos
1436 2202 1478 2233 30

181 2250 293 2288 nobis
320 2251 553 2297 arbitramur,
577 2251 642 2300 qui
671 2256 802 2288 nostra
829 2251 987 2289 consilia
1015 2251 1065 2289 ad
1093 2251 1327 2290 adversarios
1357 2251 1420 2289 de-

182 2313 300 2353 ferat?
351 2313 540 2362 Quisnam
560 2315 627 2354 tibi
646 2315 719 2354 hoc
739 2315 990 2354 renuntiavit?
1019 2317 1104 2365 quis
1124 2324 1203 2355 tam
1223 2316 1420 2367 improbus

278 2374 285 2391 0
