1650 2554
121 180 160 218 §5
183 176 319 218 23—28.
429 176 519 209 ORA
529 176 605 210 Tro
634 177 730 210 PRO
756 177 801 211 A.
834 178 1079 213 CLUENTIO.
1326 174 1379 227 69

117 281 374 320 crudelissime
403 283 621 332 interfectis,
650 296 730 322 non
759 282 946 324 mediocri
977 286 1026 324 ab
1057 297 1104 324 eo
1136 286 1250 325 ceteri
1281 299 1369 337 pro-

117 347 332 397 scriptionis
369 354 407 386 et
444 350 578 388 mortis
616 356 721 388 metu
758 353 1006 390 terrebantur.
1065 350 1140 389 His
1180 353 1292 390 rebus
1330 353 1370 389 in

116 423 232 450 causa
268 412 486 463 iudicioque
517 413 729 463 patefactis,
757 417 843 466 quis
881 421 949 462 est,
979 416 1044 466 qui
1080 417 1186 454 illum
1222 416 1368 454 absolvi

116 477 286 526 potuisse
306 478 574 517 arbitraretur?

171 546 211 580 9.
230 543 358 592 Atque
395 542 490 582 haec
528 557 646 594 parva
691 552 802 585 sunt:
851 547 1074 598 cognoscite
1111 546 1279 598 reliqua:
1327 552 1368 584 ut
1384 562 1401 593 5

114 618 195 646 non
223 608 431 657 aliquando
461 610 762 648 condemnatum
791 624 875 650 esse
905 612 1176 662 Oppianicum,
1205 612 1273 650 sed
1301 611 1367 649 ali-

114 674 297 724 quamdiu
317 674 549 712 incolumem
569 675 685 714 fuisse
705 678 904 716 miremini.

170 739 228 776 26.
251 738 422 777 Primum
458 740 581 778 videte
619 739 788 780 hominis
833 742 1045 781 audaciam.
1123 742 1290 781 Sassiam
1326 742 1366 780 in

113 803 400 841 matrimonium
430 804 582 851 ducere,
603 803 738 843 Habiti
766 814 939 854 matrem,
967 808 1082 854 illam,
1108 807 1215 845 cuius
1244 808 1365 846 virum

113 867 160 906 A.
186 867 348 905 Aurium
386 869 588 915 occiderat,
627 872 857 921 concupivit.
931 872 1070 910 Utrum
1107 872 1365 923 impudentior
1384 889 1422 910 10

112 931 185 979 hic,
222 933 287 982 qui
324 933 501 982 postulet,
538 945 588 971 an
626 935 814 974 crudelior
861 937 934 984 illa,
973 937 1005 975 si
1042 937 1173 984 nubat,
1213 937 1363 976 difficile

111 997 215 1036 dictu
242 1005 310 1036 est.
368 998 445 1036 Sed
473 1006 603 1037 tamen
633 1001 828 1052 utriusque
849 1002 1126 1041 humanitatem
1155 1004 1365 1042 constanti-

112 1074 251 1113 amque
280 1065 515 1113 cognoscite.
575 1072 638 1116 27.
667 1065 764 1105 Petit
793 1067 1044 1117 Oppianicus,
1065 1073 1106 1106 ut
1135 1068 1206 1107 sibi
1236 1068 1364 1107 Sassia

110 1128 240 1174 nubat,
271 1135 310 1166 et
345 1128 383 1166 id
413 1142 558 1179 magno
591 1145 708 1182 opere
740 1133 948 1171 contendit,
1017 1133 1087 1171 Illa
1119 1140 1248 1171 autem
1281 1145 1362 1172 non

111 1193 316 1231 admiratur
348 1195 557 1243 audaciam,
588 1209 668 1235 non
701 1198 978 1247 impudentiam
1014 1205 1250 1248 aspernatur,
1280 1211 1360 1237 non
1379 1215 1415 1247 15

110 1257 276 1308 denique
312 1258 413 1296 illam
442 1258 647 1309 Oppianici
677 1262 848 1308 domum,
877 1263 944 1300 viri
982 1263 1038 1300 sui
1077 1263 1264 1313 sanguine
1301 1276 1360 1302 re-

110 1321 358 1369 dundantem,
380 1323 625 1363 reformidat:
656 1326 723 1364 sed
742 1327 849 1376 quod
874 1327 1030 1365 haberet
1058 1333 1134 1365 tres
1162 1328 1222 1365 ille
1251 1328 1361 1375 filios,

109 1386 254 1425 idcirco
291 1399 333 1425 se
366 1388 415 1426 ab
452 1389 511 1427 his
547 1391 690 1440 nuptiis
728 1391 932 1430 abhorrere
969 1392 1178 1442 respondit.
1238 1393 1363 1443 Oppi·

109 1452 253 1499 anicus,
283 1453 348 1502 qui
377 1454 581 1503 pecuniam
621 1455 771 1494 Sassiae
809 1457 1102 1506 concupivisset,
1133 1458 1252 1496 domo
1291 1459 1362 1496 sibi

109 1518 371 1566 quaerendum
396 1519 608 1557 remedium
637 1522 865 1559 existimavit
894 1523 943 1560 ad
963 1535 1049 1560 eam
1078 1534 1239 1569 moram,
1261 1535 1359 1572 quae
1377 1539 1417 1561 20

108 1582 252 1631 nuptiis
298 1582 534 1622 afferebatur.
618 1585 733 1632 Nam,
774 1598 894 1636 quum
940 1586 1094 1626 haberet
1140 1601 1188 1626 ex
1236 1588 1362 1627 Novia

108 1646 293 1685 infantem
331 1647 460 1694 filium,
498 1649 591 1687 alter
637 1657 764 1688 autem
802 1652 882 1689 eius
920 1652 1028 1698 filius,
1068 1653 1188 1703 Papia
1234 1661 1359 1701 natus,

107 1710 232 1749 Teani
261 1712 387 1762 Apuli,
408 1713 515 1762 quod
543 1715 651 1752 abest
679 1727 702 1753 a
730 1714 871 1754 Larino
898 1729 991 1755 xv111
1018 1718 1135 1756 millia
1162 1730 1359 1768 passuum,

108 1777 211 1826 apud
248 1784 409 1815 matrem
455 1779 702 1818 educaretur:
750 1782 908 1820 arcessit
954 1783 1081 1821 subito
1121 1784 1202 1822 sine
1242 1797 1359 1823 causa

42 1868 54 1875 α
107 1852 268 1890 puerum
304 1842 463 1881 Teano:
509 1845 616 1894 quod
653 1845 789 1892 facere,
829 1847 901 1885 nisi
939 1847 1038 1886 ludis
1079 1849 1252 1898 publicis,
1298 1857 1364 1888 aut
1382 1866 1422 1898 25

106 1905 213 1944 sestis
250 1907 394 1954 diebus,
433 1914 546 1947 antea
592 1921 673 1948 non
720 1911 876 1950 solebat.
954 1911 1080 1951 Mater
1126 1914 1219 1951 nihil
1267 1916 1356 1953 mali

106 1971 246 2010 misera
283 1973 484 2022 suspicans
521 1975 675 2025 mittin(
719 1975 787 2014 Ille
834 1989 876 2014 se
915 1977 1129 2016 Tarentum
1166 1979 1357 2028 proficisci

107 2046 225 2085 quum
253 2037 476 2084 simulasset,
497 2051 544 2077 eo
574 2040 660 2088 ipso
681 2039 741 2078 die
761 2053 865 2090 puer,
886 2054 1007 2092 quum
1027 2043 1122 2081 hora
1149 2044 1355 2083 undecima

107 2099 148 2137 in
174 2101 326 2150 publico
354 2102 483 2141 valens
513 2104 616 2142 visus
650 2111 761 2151 esset,
793 2112 881 2144 ante
914 2114 1071 2145 noctem
1100 2116 1285 2155 mortuus,
1318 2117 1355 2148 et

105 2164 316 2213 prostridie,
344 2172 548 2216 antequam
577 2168 727 2215 luceret,
757 2171 981 2209 combustus
1009 2178 1076 2210 est.
1135 2174 1196 2211 28.
1225 2174 1354 2223 Atque
1368 2189 1412 2221 30

106 2225 207 2265 hunc
251 2234 396 2267 tantum
435 2243 648 2270 maerorem
694 2234 804 2271 matri
842 2235 945 2285 prius
983 2235 1185 2274 hominum
1224 2249 1354 2275 rumor

103 2302 223 2342 quam
259 2294 460 2345 quisquam
497 2309 545 2335 ex
583 2297 789 2348 Oppianici
836 2299 980 2339 familia
1016 2302 1211 2340 nuntiavit.
1270 2300 1352 2350 lna,
