1650 2554
219 119 300 149 120
587 117 638 148 M.
671 115 832 148 TULLII
859 115 1111 147 crcmoms
1238 125 1294 150 oo.
1314 97 1470 150 52454.

218 221 314 259 fuit?
370 220 443 259 Cui
483 232 557 272 ego
595 227 724 259 autem
761 220 936 259 narravi?
993 219 1135 268 Nemo,
1167 226 1210 258 ut
1246 220 1397 271 opinor,
1429 220 1470 259 in

218 287 331 336 culpa
364 293 441 324 est:
481 285 550 326 sed
584 286 764 324 nimirum
797 286 865 324 tibi
895 285 991 324 istuc
1021 285 1083 323 lex
1113 286 1198 336 ipsa
1230 286 1467 325 renuntiavit.

221 351 298 390 Sed
318 364 411 390 num
430 351 498 389 tibi
517 352 569 389 ita
588 350 806 389 defendisse
826 351 968 398 videor,
987 358 1029 389 ut
1053 357 1134 389 tota
1159 351 1199 388 in
1225 363 1343 390 causa
1360 363 1470 389 men-

219 417 365 455 tionem
397 417 514 455 ullam
548 416 704 454 fecerim
739 416 865 465 legis?
905 428 1000 454 num
1033 427 1145 456 secus
1180 416 1281 455 hanc
1314 427 1471 455 causam

186 499 203 530 5
221 482 449 529 defendisse,
469 494 515 520 ac
535 482 566 520 si
589 482 673 531 lege
695 481 864 519 Habitus
882 483 1098 520 teneretur?
1153 480 1277 528 Certe,
1296 487 1338 520 ut
1362 481 1474 520 hom-

221 549 324 586 inem
345 548 573 586 confirmare
593 553 756 597 oportet,
778 546 904 585 nullus
929 552 989 585 est
1012 546 1120 585 locus
1145 559 1171 585 a
1194 559 1258 585 me
1283 545 1474 597 purgandi

221 616 329 653 istius
358 614 535 652 invidiosi
569 613 738 652 criminis
766 613 1068 663 praetermissus.
1129 625 1217 660 144.
1247 612 1354 659 Quid
1379 623 1476 662 ergo

222 680 305 718 est?
335 686 492 730 quaeret
517 678 679 717 fortasse
708 678 910 729 quispiam,
939 678 1187 728 displiceatne
1215 678 1320 723 mihi,
1346 677 1476 727 legum

222 745 414 794 praesidio
443 745 578 794 capitis
608 743 822 794 periculum
854 743 1106 793 propulsare?
1162 742 1262 781 Mihi
1288 753 1389 788 vero,
1419 742 1478 780 iu-

171 827 209 849 10
225 811 340 857 dices,
362 822 443 848 non
463 809 659 859 displicet:
690 808 758 847 sed
784 814 871 846 utor
894 809 1069 846 instituto
1086 820 1188 847 meo.
1243 807 1292 846 In
1309 807 1478 846 hominis

223 876 376 914 honesti
396 875 673 926 prudentisque
693 874 847 920 iudicio,
868 886 950 912 non
975 874 1101 912 solum
1125 885 1215 912 meo
1242 873 1402 912 consilio
1422 871 1478 911 uti

226 942 419 988 consuevi,
440 940 510 979 sed
534 940 699 978 multum
725 940 840 977 etiam
868 939 960 985 eius,
982 951 1098 989 quem
1124 938 1303 986 defendo,
1323 944 1360 977 et
1386 949 1481 976 con-

227 1006 311 1045 silio
331 1012 369 1044 et
388 1005 572 1044 voluntati
591 1006 832 1054 obtempero.
888 1004 1005 1051 Nam,
1024 1011 1066 1042 ut
1091 1004 1187 1042 haec
1207 1004 1257 1042 ad
1281 1016 1345 1042 me
1364 1014 1482 1042 causa

227 1072 352 1110 delata
371 1078 440 1118 est,
459 1071 526 1121 qui
550 1071 656 1120 leges
681 1082 758 1116 eas,
779 1070 829 1108 ad
848 1081 944 1119 quas
964 1069 1202 1115 adhibemur,
1222 1075 1260 1107 et
1278 1069 1319 1106 in
1339 1068 1482 1119 quibus

174 1153 212 1185 15
228 1149 433 1184 versamur,
453 1148 568 1174 nosse
588 1135 792 1173 deberem:
822 1135 900 1172 dixi
921 1134 1070 1172 Habito
1097 1134 1237 1181 statim,
1258 1134 1305 1172 de
1332 1145 1392 1181 eo,
1413 1145 1481 1178 ου]

227 1215 390 1249 σοιεεΕτ,
419 1214 497 1245 Quo
529 1212 616 1244 Quis
648 1211 999 1246 CONDEMNARETUR,
1033 1199 1139 1237 illum
1175 1211 1261 1237 esse
1297 1198 1482 1237 liberum:

228 1269 350 1309 teneri
378 1273 508 1305 autem
536 1271 711 1303 nostrum
740 1264 928 1302 ordinem.
984 1263 1114 1313 Atque
1139 1263 1200 1301 ille
1224 1275 1288 1301 me
1310 1275 1419 1302 orare
1444 1269 1484 1302 et

230 1336 434 1374 obsecrare
460 1331 600 1381 coepit,
620 1342 669 1368 ne
696 1342 781 1368 sese
807 1329 893 1379 lege
919 1328 1179 1367 defenderem.
1236 1327 1370 1375 Quum
1395 1339 1485 1378 ego,

229 1412 330 1450 quae
362 1397 458 1436 mihi
490 1397 721 1442 viderentur,
755 1395 944 1433 dicerem:
984 1394 1150 1432 traduxit
1185 1405 1250 1432 me
1286 1393 1337 1432 ad
1374 1405 1485 1432 suam

176 1483 217 1505 20
233 1461 475 1504 sententiam.
536 1461 765 1499 Affirmabat
798 1460 902 1498 enim
938 1459 1155 1506 lacrimans,
1189 1471 1271 1497 non
1302 1470 1346 1498 se
1377 1459 1486 1508 cupi-

232 1532 380 1569 diorem
397 1539 482 1566 esse
497 1526 656 1566 civitatis
671 1525 905 1571 retinendae,
924 1537 1041 1575 quam
1056 1524 1359 1562 existimationis.
1396 1532 1485 1572 145.

232 1597 388 1635 Morem
407 1593 557 1632 homini
583 1592 706 1642 gessi:
735 1597 774 1629 et
798 1598 930 1629 tamen
955 1591 1102 1629 idcirco
1124 1589 1198 1628 feci
1219 1590 1362 1640 (neque
1381 1589 1486 1627 enim

231 1663 272 1701 id
299 1672 453 1710 semper
480 1659 604 1696 facere
632 1657 850 1705 debemus),
870 1655 976 1705 quod
996 1656 1184 1702 videbam,
1205 1667 1274 1704 per
1295 1666 1337 1692 se
1360 1654 1485 1704 ipsam

232 1738 390 1765 causam
415 1725 496 1762 sine
522 1723 607 1772 lege
635 1722 901 1771 copiosissime
920 1733 1036 1771 posse
1056 1720 1223 1759 defendi.
1278 1719 1484 1765 Videbam,

178 1810 216 1842 25
234 1794 273 1831 in
308 1792 382 1829 hac
411 1789 649 1834 defensione,
678 1799 754 1836 qua
788 1787 865 1824 iam
898 1798 984 1824 sum
1017 1798 1122 1832 usus,
1150 1785 1235 1835 plus
1269 1784 1486 1834 dignitatis:

234 1859 272 1895 in
292 1857 366 1903 illa,
387 1867 463 1906 qua
482 1865 544 1891 me
564 1853 627 1890 hic
646 1852 700 1890 uti
719 1851 852 1898 noluit,
872 1851 1000 1889 minus
1018 1850 1159 1888 laboris
1178 1850 1359 1888 futurum.

289 1927 358 1962 53.
406 1919 559 1968 Quodsi
596 1917 689 1955 nihil
722 1917 825 1955 aliud
860 1916 993 1955 fuisset
1024 1923 1165 1963 actum,
1197 1915 1271 1953 nisi
1306 1920 1350 1952 ut
1385 1914 1487 1954 hanc

235 2000 391 2028 causam
429 1986 667 2024 obtinerem:
713 1983 800 2032 lege
838 1983 1007 2029 recitata,
1045 1977 1311 2032 perorassem:
1359 1991 1488 2030 neque

235 2068 297 2093 me
336 2054 398 2092 illa
435 2051 557 2090 oratio
591 2055 863 2094 commoveret,
897 2048 1004 2098 quod
1039 2047 1092 2085 ait
1123 2046 1252 2084 Attius
1283 2045 1487 2095 indignum

180 2138 222 2168 30
238 2133 323 2159 esse
350 2118 511 2163 facinus,
532 2116 564 2154 si
591 2121 746 2153 senator
771 2113 911 2151 iudicio
938 2112 1160 2163 quempiam
1185 2109 1497 2157 circumvenerit,

237 2186 385 2235 legibus
406 2194 495 2220 eum
518 2180 659 2219 teneri:
689 2179 721 2217 si
747 2190 866 2228 eques
886 2177 1088 2216 Romanus
1114 2176 1189 2214 hoc
1214 2175 1319 2213 idem
1346 2174 1487 2220 fecerit,

238 2263 319 2290 non
346 2249 478 2288 teneri.
540 2248 625 2293 146.
655 2244 709 2283 Ut
735 2245 802 2283 tibi
827 2243 1053 2300 concedam,
1071 2242 1148 2281 hoc
1173 2240 1488 2290 indignumesse
