1650 2554
268 155 323 210 96
542 171 547 175 ³
602 163 653 197 M.
682 162 842 195 TULLII
870 161 1119 194 CICERONIS
1165 166 1178 190 τ
1291 136 1513 196 omna—342

267 269 316 307 de
355 280 396 307 re
438 268 612 314 obscura,
655 268 859 318 disputem,
902 279 1022 318 quum
1067 267 1152 316 ipsa
1196 267 1370 317 pecunia,
1417 277 1516 317 quae

270 334 425 375 Staieno
469 333 557 370 data
594 339 651 372 est
690 345 851 371 numero
890 345 935 371 ac
979 344 1130 371 summa
1146 339 1237 370 ‘sua
1273 345 1354 371 non
1396 331 1517 370 modo

269 405 411 449 quanta
441 398 561 444 fuerit,
587 398 656 436 sed
685 399 799 436 etiam
829 398 878 437 ad
908 410 1023 448 quam
1052 409 1133 436 rem
1163 397 1283 444 fuerit,
1312 398 1516 437 ostendat?

272 464 475 502 Sexdecim
507 464 592 501 dico
619 463 774 510 iudices,
801 470 842 502 ut
872 463 1111 513 Oppianicus
1139 463 1404 510 absolveretur,
1433 475 1517 503 cor-

235 544 252 576 5
269 529 507 578 rumpendos
531 529 672 568 fuisse:
711 529 759 567 ad
780 527 977 567 Staienum
997 534 1177 566 sexcenta
1202 534 1239 566 et
1265 529 1518 578 quadraginta

269 594 386 631 millia
423 606 626 632 nummum
664 606 749 632 esse
788 594 923 632 delata.
981 593 1032 639 Si,
1070 599 1111 631 ut
1147 598 1189 631 tu
1226 593 1330 640 dicis,
1374 595 1517 643 gratiae

271 659 534 697 conciliandae
559 671 685 705 causa,
713 659 965 709 quadraginta
984 659 1141 696 istorum
1168 658 1337 697 accessio
1356 658 1518 697 millium

270 723 364 773 quid
396 723 519 762 valet?
560 725 629 770 sin,
663 731 706 763 ut
742 737 815 762 nos
853 724 1025 770 dicimus,
1054 729 1096 761 ut
1126 723 1372 773 quadragena
1400 724 1521 762 millia

269 800 473 826 nummum
506 789 674 827 sedecim
708 790 896 827 iudicibus
929 789 1118 835 darentur,
1153 800 1233 826 non
1264 788 1519 828 Archimedes

216 869 256 892 10
270 853 406 892 melius
426 854 548 903 potuit
569 855 794 893 describere.

325 921 387 957 88.
416 919 469 957 At
502 920 606 958 enim
636 920 774 958 iudicia
804 919 904 958 facta
933 919 1121 969 permulta
1154 925 1252 966 sunt,
1284 932 1308 958 a
1339 918 1518 959 Cluentio

269 983 450 1022 iudicium
477 997 562 1023 esse
589 985 1005 1035 corruptum—Immo
1034 996 1123 1022 vero
1153 990 1241 1023 ante
1266 984 1340 1023 hoc
1366 991 1519 1034 tempus

270 1049 432 1088 omnino
458 1050 530 1088 ista
555 1050 640 1100 ipsa
664 1063 724 1089 res
753 1063 824 1089 suo
853 1050 1010 1088 nomine
1034 1050 1075 1087 in
1098 1049 1279 1088 iudicium
1307 1062 1519 1100 numquam

270 1121 328 1152 est
350 1121 496 1154 vocata.
552 1116 613 1154 Ita
640 1116 804 1154 multum
831 1116 982 1165 agitata,
1007 1115 1072 1153 diu
1097 1115 1234 1153 iactata
1260 1114 1332 1152 ista
1359 1111 1430 1153 res⁴
1447 1121 1515 1159 est,

218 1194 255 1227 15
271 1186 313 1218 ut
335 1179 524 1218 hodierno
552 1180 612 1219 die
637 1181 805 1230 primum
831 1192 947 1219 causa
972 1179 1033 1217 illa
1059 1179 1218 1218 defensa
1247 1180 1305 1226 sit,
1331 1179 1522 1219 hodierno>

272 1244 333 1283 die
357 1244 525 1295 primum
551 1246 687 1284 veritas
710 1257 847 1284 vocem
873 1251 1007 1285 contra
1032 1245 1223 1290 invidiam,
1248 1244 1307 1282 his
1330 1244 1519 1283 iudicibus

271 1310 378 1357 freta,
397 1310 551 1349 miserit.
609 1311 887 1349 Verumtamen
907 1311 1026 1349 multa
1044 1311 1116 1348 ista
1131 1310 1270 1348 iudicia
1288 1322 1387 1360 quae
1407 1311 1519 1349 sunt?

272 1375 360 1426 Ego
400 1376 503 1414 enim
535 1389 597 1415 me
630 1376 680 1415 ad
712 1376 843 1415 omnia
880 1375 1113 1421 confirmavi,
1147 1381 1184 1414 et
1217 1375 1271 1413 sic
1303 1375 1442 1424 paravi,
1478 1382 1522 1414 ut

273 1442 465 1487 docerem,
497 1454 595 1492 quae
625 1443 725 1480 facta
753 1447 888 1492 postea
917 1441 1055 1479 iudicia
1080 1440 1128 1479 de
1156 1440 1221 1478 illo
1248 1440 1387 1478 iudicio
1419 1440 1520 1479 dice-

218 1523 257 1546 20
272 1513 412 1553 rentur,
459 1508 598 1557 partim
641 1507 772 1545 ruinae
813 1506 994 1544 similiora
1033 1512 1097 1544 aut
1134 1505 1360 1555 tempestati,
1403 1516 1522 1554 quam

271 1572 412 1611 iudicio
437 1579 474 1611 et
501 1573 768 1623 disceptationi
797 1571 923 1618 fuisse,
950 1571 1087 1621 partim
1115 1570 1209 1608 nihil
1237 1575 1370 1609 contra
1398 1570 1522 1609 Habi-

273 1644 356 1676 tum
392 1638 528 1685 valere‚
567 1638 706 1688 partim
747 1637 862 1676 etiam
899 1648 971 1685 pro
1014 1636 1089 1674 hoc
1126 1647 1222 1682 esse,
1262 1635 1399 1685 partim
1436 1640 1523 1674 esse'

274 1703 475 1749 eiusmodi,
522 1709 565 1741 ut
611 1714 737 1752 neque
785 1701 974 1751 appellata
1019 1712 1204 1750 umquam
1249 1700 1390 1738 iudicia
1435 1700 1520 1746 sint,

274 1780 400 1817 neque
436 1769 662 1806 existimata.
719 1769 782 1815 89.
812 1766 888 1804 Hic
926 1778 1012 1815 ego,
1045 1765 1167 1815 magis
1198 1771 1240 1804 ut
1276 1765 1520 1804 consuetudi-

221 1849 259 1882 25
275 1846 365 1872 nem
399 1846 558 1880 servem,
597 1845 713 1884 quam
751 1832 857 1882 quod
895 1843 963 1869 vos
1000 1843 1081 1869 non
1116 1837 1240 1869 vestra
1276 1830 1350 1868 hoc
1383 1836 1527 1880 sponte.

275 1899 433 1946 faciatis,
471 1906 599 1950 petam
645 1911 669 1937 a
690 1906 694 1911 '
714 1898 835 1943 vobis,
872 1902 914 1935 ut
949 1909 1012 1935 me
1050 1896 1143 1934 dum
1181 1896 1239 1935 de·
1265 1895 1325 1934 his
1362 1896 1522 1946 singulis

276 1965 431 2015 disputo
452 1965 613 2011 iudiciis,
634 1970 775 2003 attente
794 1962 967 2001 audiatis.

330 2035 399 2070 33.
442 2030 734 2069 Condemnatus
754 2035 810 2067 est
825 2027 869 2066 C.
885 2027 1030 2074 Iunius,
1050 2027 1115 2078 qui
1134 2028 1169 2066 ei
1188 2025 1401 2077 quaestioni
1414 2037 1526 2075 prae·

277 2098 420 2146 fuerat;
451 2097 549 2135 adde
569 2096 685 2134 etiam
704 2094 806 2141 illud,
823 2095 853 2132 si
873 2094 997 2144 placet
1014 2107 1022 2131 ε
1051 2100 1131 2131 tum
1152 2098 1208 2130 est
1227 2091 1524 2138 condemnatus,

223 2180 265 2211 30
280 2177 398 2214 quum
431 2168 531 2202 esset
561 2162 675 2200 iudex
706 2160 950 2211 quaestionis.
1005 2158 1098 2197 Non
1127 2158 1247 2196 modo
1276 2168 1426 2203 causae,
1453 2155 1525 2195 sed

280 2243 329 2268 ne
348 2230 423 2279 legi
444 2228 599 2279 quidem
628 2227 834 2277 quicquam
862 2237 930 2275 per
952 2223 1143 2264 tribunum
1171 2222 1293 2272 plebis
1318 2221 1525 2260 laxamenti

283 2297 414 2335 datum
442 2300 510 2334 est.
567 2293 658 2342 Quo
684 2298 857 2341 tempore
878 2290 981 2328 illum
1007 2301 1030 2329 a
1055 2288 1277 2340 quaestione
1300 2287 1351 2327 ad
1378 2285 1525 2326 nullum
